  <div class='ocr_page' id='page_1' title='image "/cluster/home/n/w/nwhite01/storage/ocr_20150623/134/hvd.32044073502510/696.png"; bbox 0 0 3958 6204; ppageno 0'>
   <div class='ocr_carea' id='block_1_1' title="bbox 277 298 413 366">
    <p class='ocr_par' dir='ltr' id='par_1_1' title="bbox 277 298 413 366">
     <span class='ocr_line' id='line_1_1' title="bbox 277 298 413 366; baseline 0.007 -1"><span class='ocrx_word' id='word_1_1' title='bbox 277 298 413 366; x_wconf 79' lang='grc' dir='ltr'><strong>13Π</strong></span> 
     </span>
    </p>
   </div>
   <div class='ocr_carea' id='block_1_2' title="bbox 1515 303 2288 369">
    <p class='ocr_par' dir='ltr' id='par_1_2' title="bbox 1515 303 2288 369">
     <span class='ocr_line' id='line_1_2' title="bbox 1515 303 2288 369; baseline 0.003 -3"><span class='ocrx_word' id='word_1_2' title='bbox 1515 303 1926 368; x_wconf 78' lang='lat' dir='ltr'><strong>ANNALIUM</strong></span> <span class='ocrx_word' id='word_1_3' title='bbox 1967 308 2119 369; x_wconf 81' lang='lat' dir='ltr'><strong>LIB.</strong></span> <span class='ocrx_word' id='word_1_4' title='bbox 2163 309 2288 368; x_wconf 81' lang='lat' dir='ltr'><strong>XV.</strong></span> 
     </span>
    </p>
   </div>
   <div class='ocr_carea' id='block_1_3' title="bbox 3407 306 3548 372">
    <p class='ocr_par' dir='ltr' id='par_1_3' title="bbox 3407 306 3548 372">
     <span class='ocr_line' id='line_1_3' title="bbox 3407 306 3548 372; baseline 0.014 -2"><span class='ocrx_word' id='word_1_5' title='bbox 3407 306 3548 372; x_wconf 68' lang='lat'><strong>1.378</strong></span> 
     </span>
    </p>
   </div>
   <div class='ocr_carea' id='block_1_4' title="bbox 274 408 1865 490">
    <p class='ocr_par' dir='ltr' id='par_1_4' title="bbox 274 408 1865 488">
     <span class='ocr_line' id='line_1_4' title="bbox 274 408 1865 488; baseline 0.004 -23"><span class='ocrx_word' id='word_1_6' title='bbox 274 412 473 484; x_wconf 65' lang='grc' dir='ltr'>ἑορτὴν</span> <span class='ocrx_word' id='word_1_7' title='bbox 502 408 599 464; x_wconf 77' lang='grc' dir='ltr'>τοῦ</span> <span class='ocrx_word' id='word_1_8' title='bbox 647 414 983 486; x_wconf 72' lang='grc' dir='ltr'><strong>κατακρίτου</strong></span> <span class='ocrx_word' id='word_1_9' title='bbox 1014 414 1115 487; x_wconf 80' lang='grc' dir='ltr'>τὴν</span> <span class='ocrx_word' id='word_1_10' title='bbox 1146 412 1387 469; x_wconf 77' lang='grc' dir='ltr'><strong>κόλασιν·</strong></span> <span class='ocrx_word' id='word_1_11' title='bbox 1424 413 1504 487; x_wconf 81' lang='grc' dir='ltr'>πῆ</span> <span class='ocrx_word' id='word_1_12' title='bbox 1530 417 1586 470; x_wconf 80' lang='grc' dir='ltr'>δὲ</span> <span class='ocrx_word' id='word_1_13' title='bbox 1614 417 1709 472; x_wconf 69' lang='lat' dir='ltr'><strong>xei.</strong></span> <span class='ocrx_word' id='word_1_14' title='bbox 1736 422 1865 488; x_wconf 86' lang='grc' dir='ltr'>θρα-</span> 
     </span>
    </p>
   </div>
   <div class='ocr_carea' id='block_1_5' title="bbox 1971 408 3552 490">
    <p class='ocr_par' dir='ltr' id='par_1_5' title="bbox 1971 416 3552 490">
     <span class='ocr_line' id='line_1_5' title="bbox 1971 416 3552 490; baseline 0.003 -18"><span class='ocrx_word' id='word_1_15' title='bbox 1971 418 2163 482; x_wconf 72' lang='lat' dir='ltr'><strong>l‘erret,</strong></span> <span class='ocrx_word' id='word_1_16' title='bbox 2197 417 2394 488; x_wconf 99' lang='lat' dir='ltr'><strong>partim</strong></span> <span class='ocrx_word' id='word_1_17' title='bbox 2445 417 2611 472; x_wconf 88' lang='lat' dir='ltr'><strong>etiam</strong></span> <span class='ocrx_word' id='word_1_18' title='bbox 2660 416 2931 471; x_wconf 88' lang='lat' dir='ltr'><strong>audacius</strong></span> <span class='ocrx_word' id='word_1_19' title='bbox 2966 417 3258 490; x_wconf 82' lang='lat' dir='ltr'><strong>increpans</strong></span> <span class='ocrx_word' id='word_1_20' title='bbox 3285 461 3300 487; x_wconf 92' lang='lat'><strong>,</strong></span> <span class='ocrx_word' id='word_1_21' title='bbox 3346 429 3404 475; x_wconf 82' lang='lat' dir='ltr'><strong>et</strong></span> <span class='ocrx_word' id='word_1_22' title='bbox 3443 421 3552 476; x_wconf 86' lang='lat' dir='ltr'><strong>im-</strong></span> 
     </span>
    </p>
   </div>
   <div class='ocr_carea' id='block_1_6' title="bbox 272 505 1859 578">
    <p class='ocr_par' dir='ltr' id='par_1_6' title="bbox 272 505 1859 578">
     <span class='ocr_line' id='line_1_6' title="bbox 272 505 1859 578; baseline 0.003 -19"><span class='ocrx_word' id='word_1_23' title='bbox 272 505 508 575; x_wconf 82' lang='grc' dir='ltr'>σύτερον</span> <span class='ocrx_word' id='word_1_24' title='bbox 563 508 990 578; x_wconf 73' lang='grc' dir='ltr'><strong>προσφερομένη</strong></span> <span class='ocrx_word' id='word_1_25' title='bbox 1039 507 1214 578; x_wconf 79' lang='grc' dir='ltr'>αὐτῷ,</span> <span class='ocrx_word' id='word_1_26' title='bbox 1258 508 1352 560; x_wconf 73' lang='grc' dir='ltr'>καὶ</span> <span class='ocrx_word' id='word_1_27' title='bbox 1406 506 1570 562; x_wconf 76' lang='grc' dir='ltr'>ἄθεον</span> <span class='ocrx_word' id='word_1_28' title='bbox 1624 509 1859 578; x_wconf 80' lang='grc' dir='ltr'><strong>λέγουσα</strong></span> 
     </span>
    </p>
   </div>
   <div class='ocr_carea' id='block_1_7' title="bbox 271 597 1858 674">
    <p class='ocr_par' dir='ltr' id='par_1_7' title="bbox 271 597 1858 674">
     <span class='ocr_line' id='line_1_7' title="bbox 271 597 1858 674; baseline 0.003 -22"><span class='ocrx_word' id='word_1_29' title='bbox 271 599 357 653; x_wconf 80' lang='grc' dir='ltr'>ὅτι</span> <span class='ocrx_word' id='word_1_30' title='bbox 395 600 473 668; x_wconf 83' lang='grc' dir='ltr'>μὴ</span> <span class='ocrx_word' id='word_1_31' title='bbox 503 597 904 653; x_wconf 75' lang='grc' dir='ltr'><strong>ὑποστέλλεται</strong></span> <span class='ocrx_word' id='word_1_32' title='bbox 933 601 1034 670; x_wconf 80' lang='grc' dir='ltr'><strong>τὴν</strong></span> <span class='ocrx_word' id='word_1_33' title='bbox 1065 600 1160 654; x_wconf 81' lang='grc' dir='ltr'>τοῦ</span> <span class='ocrx_word' id='word_1_34' title='bbox 1210 601 1521 672; x_wconf 78' lang='grc' dir='ltr'><strong>φρικώδους</strong></span> <span class='ocrx_word' id='word_1_35' title='bbox 1556 604 1858 674; x_wconf 77' lang='grc' dir='ltr'><strong>μυστηρίου</strong></span> 
     </span>
    </p>
   </div>
   <div class='ocr_carea' id='block_1_8' title="bbox 273 691 1859 764">
    <p class='ocr_par' dir='ltr' id='par_1_8' title="bbox 273 691 1859 764">
     <span class='ocr_line' id='line_1_8' title="bbox 273 691 1859 764; baseline 0.003 -19"><span class='ocrx_word' id='word_1_36' title='bbox 273 692 494 762; x_wconf 69' lang='grc' dir='ltr'>ἡμέραν</span> <span class='ocrx_word' id='word_1_37' title='bbox 542 691 644 761; x_wconf 81' lang='grc' dir='ltr'><strong>τῆς</strong></span> <span class='ocrx_word' id='word_1_38' title='bbox 691 692 787 745; x_wconf 80' lang='grc' dir='ltr'>τοῦ</span> <span class='ocrx_word' id='word_1_39' title='bbox 838 693 1093 764; x_wconf 81' lang='grc' dir='ltr'><strong>Σωτῆρος</strong></span> <span class='ocrx_word' id='word_1_40' title='bbox 1139 694 1475 764; x_wconf 80' lang='grc' dir='ltr'>Γεννήσεως.</span> <span class='ocrx_word' id='word_1_41' title='bbox 1512 695 1761 760; x_wconf 79' lang='grc' dir='ltr'><strong>’Τούτοις</strong></span> <span class='ocrx_word' id='word_1_42' title='bbox 1795 697 1859 751; x_wconf 79' lang='grc' dir='ltr'>τὸ</span> 
     </span>
    </p>
   </div>
   <div class='ocr_carea' id='block_1_9' title="bbox 274 778 1859 855">
    <p class='ocr_par' dir='ltr' id='par_1_9' title="bbox 274 778 1859 855">
     <span class='ocr_line' id='line_1_9' title="bbox 274 778 1859 855; baseline 0.003 -18"><span class='ocrx_word' id='word_1_43' title='bbox 274 778 513 852; x_wconf 79' lang='grc' dir='ltr'>σκληρὸν</span> <span class='ocrx_word' id='word_1_44' title='bbox 566 783 783 837; x_wconf 67' lang='grc' dir='ltr'>ἑκείνου</span> <span class='ocrx_word' id='word_1_45' title='bbox 817 785 1129 855; x_wconf 74' lang='grc' dir='ltr'><strong>μαλάξασαι,</strong></span> <span class='ocrx_word' id='word_1_46' title='bbox 1164 787 1433 840; x_wconf 72' lang='grc' dir='ltr'>πέπεικεν</span> <span class='ocrx_word' id='word_1_47' title='bbox 1475 787 1687 841; x_wconf 80' lang='grc' dir='ltr'>ἀνεῖναι</span> <span class='ocrx_word' id='word_1_48' title='bbox 1736 792 1859 843; x_wconf 81' lang='grc' dir='ltr'>τότε</span> 
     </span>
    </p>
   </div>
   <div class='ocr_carea' id='block_1_10' title="bbox 272 875 1862 952">
    <p class='ocr_par' dir='ltr' id='par_1_10' title="bbox 272 875 1862 952">
     <span class='ocr_line' id='line_1_10' title="bbox 272 875 1862 952; baseline 0.004 -23"><span class='ocrx_word' id='word_1_49' title='bbox 272 875 353 946; x_wconf 85' lang='grc' dir='ltr'>τῷ</span> <span class='ocrx_word' id='word_1_50' title='bbox 390 875 615 946; x_wconf 81' lang='grc' dir='ltr'><strong>Μιχαὴλ</strong></span> <span class='ocrx_word' id='word_1_51' title='bbox 643 876 743 947; x_wconf 79' lang='grc' dir='ltr'>τὴν</span> <span class='ocrx_word' id='word_1_52' title='bbox 773 875 1059 930; x_wconf 76' lang='grc' dir='ltr'>ἀπώλειαν</span> <span class='ocrx_word' id='word_1_53' title='bbox 1081 876 1146 944; x_wconf 75' lang='grc' dir='ltr'><strong>’ζὸ</strong></span> <span class='ocrx_word' id='word_1_54' title='bbox 1171 879 1225 931; x_wconf 67' lang='grc' dir='ltr'>δὲ</span> <span class='ocrx_word' id='word_1_55' title='bbox 1261 879 1398 949; x_wconf 85' lang='grc' dir='ltr'>πρὸς</span> <span class='ocrx_word' id='word_1_56' title='bbox 1425 878 1528 951; x_wconf 76' lang='grc' dir='ltr'><strong>τὴν</strong></span> <span class='ocrx_word' id='word_1_57' title='bbox 1549 881 1862 952; x_wconf 62' lang='grc' dir='ltr'>εὐνέτειρπν</span> 
     </span>
    </p>
   </div>
   <div class='ocr_carea' id='block_1_11' title="bbox 274 967 1862 1044">
    <p class='ocr_par' dir='ltr' id='par_1_11' title="bbox 274 967 1862 1044">
     <span class='ocr_line' id='line_1_11' title="bbox 274 967 1862 1044; baseline 0.004 -23"><span class='ocrx_word' id='word_1_58' title='bbox 274 968 479 1038; x_wconf 64' lang='grc' dir='ltr'>ἔφησεν</span> <span class='ocrx_word' id='word_1_59' title='bbox 506 983 522 1000; x_wconf 77' lang='grc' dir='ltr'><strong>ο</strong></span> <span class='ocrx_word' id='word_1_60' title='bbox 566 967 718 1022; x_wconf 81' lang='grc' dir='ltr'>Ἰδοὺ</span> <span class='ocrx_word' id='word_1_61' title='bbox 768 968 1099 1039; x_wconf 74' lang='grc' dir='ltr'>πέπεισμαι</span> <span class='ocrx_word' id='word_1_62' title='bbox 1136 986 1260 1037; x_wconf 87' lang='grc' dir='ltr'>σοι,</span> <span class='ocrx_word' id='word_1_63' title='bbox 1311 972 1474 1026; x_wconf 71' lang='grc' dir='ltr'><strong>ἀλλὰ</strong></span> <span class='ocrx_word' id='word_1_64' title='bbox 1519 971 1602 1026; x_wconf 83' lang='grc' dir='ltr'>σὺ</span> <span class='ocrx_word' id='word_1_65' title='bbox 1654 972 1862 1044; x_wconf 69' lang='grc' dir='ltr'>γνώσῃ</span> 
     </span>
    </p>
   </div>
   <div class='ocr_carea' id='block_1_12' title="bbox 273 1057 1863 1135">
    <p class='ocr_par' dir='ltr' id='par_1_12' title="bbox 273 1057 1863 1135">
     <span class='ocr_line' id='line_1_12' title="bbox 273 1057 1863 1135; baseline 0.003 -21"><span class='ocrx_word' id='word_1_66' title='bbox 273 1061 373 1114; x_wconf 71' lang='grc' dir='ltr'>καὶ</span> <span class='ocrx_word' id='word_1_67' title='bbox 428 1059 503 1114; x_wconf 84' lang='grc' dir='ltr'>τὰ</span> <span class='ocrx_word' id='word_1_68' title='bbox 554 1057 738 1113; x_wconf 81' lang='grc' dir='ltr'>τέκνα</span> <span class='ocrx_word' id='word_1_69' title='bbox 782 1059 856 1113; x_wconf 84' lang='grc' dir='ltr'>τὰ</span> <span class='ocrx_word' id='word_1_70' title='bbox 891 1061 995 1124; x_wconf 85' lang='grc' dir='ltr'>σὰ,</span> <span class='ocrx_word' id='word_1_71' title='bbox 1030 1062 1149 1116; x_wconf 82' lang='grc' dir='ltr'>ὅσα</span> <span class='ocrx_word' id='word_1_72' title='bbox 1176 1062 1322 1131; x_wconf 80' lang='grc' dir='ltr'><strong>ὑμῖν</strong></span> <span class='ocrx_word' id='word_1_73' title='bbox 1349 1064 1419 1118; x_wconf 79' lang='grc' dir='ltr'>ἐκ</span> <span class='ocrx_word' id='word_1_74' title='bbox 1461 1065 1680 1119; x_wconf 78' lang='grc' dir='ltr'>τούτου</span> <span class='ocrx_word' id='word_1_75' title='bbox 1709 1082 1863 1135; x_wconf 82' lang='grc' dir='ltr'>συμ-</span> 
     </span>
    </p>
   </div>
   <div class='ocr_carea' id='block_1_13' title="bbox 275 1149 1861 1229">
    <p class='ocr_par' dir='ltr' id='par_1_13' title="bbox 275 1149 1861 1229">
     <span class='ocr_line' id='line_1_13' title="bbox 275 1149 1861 1229; baseline 0.003 -22"><span class='ocrx_word' id='word_1_76' title='bbox 275 1152 589 1222; x_wconf 80' lang='grc' dir='ltr'>ϐήσονται.</span> <span class='ocrx_word' id='word_1_77' title='bbox 640 1153 699 1206; x_wconf 89' lang='grc' dir='ltr'>ὐ</span> <span class='ocrx_word' id='word_1_78' title='bbox 754 1154 856 1224; x_wconf 85' lang='grc' dir='ltr'>μὲν</span> <span class='ocrx_word' id='word_1_79' title='bbox 908 1149 1004 1207; x_wconf 78' lang='grc' dir='ltr'><strong>οὖν</strong></span> <span class='ocrx_word' id='word_1_80' title='bbox 1040 1156 1262 1225; x_wconf 76' lang='grc' dir='ltr'>Μιχαὴλ</span> <span class='ocrx_word' id='word_1_81' title='bbox 1305 1155 1451 1210; x_wconf 71' lang='grc' dir='ltr'>οὕτω</span> <span class='ocrx_word' id='word_1_82' title='bbox 1504 1157 1599 1211; x_wconf 84' lang='grc' dir='ltr'>τὸν</span> <span class='ocrx_word' id='word_1_83' title='bbox 1636 1157 1861 1229; x_wconf 66' lang='grc' dir='ltr'>ὄλεθρον</span> 
     </span>
    </p>
   </div>
   <div class='ocr_carea' id='block_1_14' title="bbox 275 1245 1865 1323">
    <p class='ocr_par' dir='ltr' id='par_1_14' title="bbox 275 1245 1865 1323">
     <span class='ocr_line' id='line_1_14' title="bbox 275 1245 1865 1323; baseline 0.002 -23"><span class='ocrx_word' id='word_1_84' title='bbox 275 1245 612 1315; x_wconf 76' lang='grc' dir='ltr'><strong>ὑπεξέφυγε.</strong></span> <span class='ocrx_word' id='word_1_85' title='bbox 644 1245 939 1316; x_wconf 80' lang='grc' dir='ltr'><strong>Θαυμάσαι</strong></span> <span class='ocrx_word' id='word_1_86' title='bbox 972 1247 1019 1301; x_wconf 81' lang='grc' dir='ltr'>δ’</span> <span class='ocrx_word' id='word_1_87' title='bbox 1055 1248 1123 1303; x_wconf 81' lang='grc' dir='ltr'>ἄν</span> <span class='ocrx_word' id='word_1_88' title='bbox 1156 1265 1238 1312; x_wconf 87' lang='grc' dir='ltr'><strong>τις</strong></span> <span class='ocrx_word' id='word_1_89' title='bbox 1264 1249 1386 1303; x_wconf 80' lang='grc' dir='ltr'>ὅθεν</span> <span class='ocrx_word' id='word_1_90' title='bbox 1414 1250 1444 1302; x_wconf 87' lang='grc' dir='ltr'>ὀ</span> <span class='ocrx_word' id='word_1_91' title='bbox 1490 1251 1643 1305; x_wconf 87' lang='grc' dir='ltr'>Λέων</span> <span class='ocrx_word' id='word_1_92' title='bbox 1672 1254 1865 1323; x_wconf 84' lang='grc' dir='ltr'>προεῖ-</span> 
     </span>
    </p>
   </div>
   <div class='ocr_carea' id='block_1_15' title="bbox 275 1336 1863 1409">
    <p class='ocr_par' dir='ltr' id='par_1_15' title="bbox 275 1336 1863 1409">
     <span class='ocr_line' id='line_1_15' title="bbox 275 1336 1863 1409; baseline 0.002 -19"><span class='ocrx_word' id='word_1_93' title='bbox 275 1354 377 1390; x_wconf 80' lang='grc' dir='ltr'><strong>πεν</strong></span> <span class='ocrx_word' id='word_1_94' title='bbox 409 1338 467 1391; x_wconf 88' lang='grc' dir='ltr'>τὸ</span> <span class='ocrx_word' id='word_1_95' title='bbox 502 1336 875 1406; x_wconf 73' lang='grc' dir='ltr'>γενησόμενον</span> <span class='ocrx_word' id='word_1_96' title='bbox 900 1353 916 1368; x_wconf 83' lang='grc'>⁶</span> <span class='ocrx_word' id='word_1_97' title='bbox 960 1337 1023 1391; x_wconf 85' lang='grc' dir='ltr'><strong>ού</strong></span> <span class='ocrx_word' id='word_1_98' title='bbox 1055 1339 1167 1409; x_wconf 81' lang='grc' dir='ltr'><strong>γάρ</strong></span> <span class='ocrx_word' id='word_1_99' title='bbox 1199 1341 1422 1403; x_wconf 81' lang='grc' dir='ltr'>πάντως</span> <span class='ocrx_word' id='word_1_100' title='bbox 1447 1340 1582 1393; x_wconf 80' lang='grc' dir='ltr'>αὐτὸ</span> <span class='ocrx_word' id='word_1_101' title='bbox 1609 1345 1673 1394; x_wconf 74' lang='grc' dir='ltr'>ἐκ</span> <span class='ocrx_word' id='word_1_102' title='bbox 1721 1341 1863 1395; x_wconf 87' lang='grc' dir='ltr'>θειο-</span> 
     </span>
    </p>
   </div>
   <div class='ocr_carea' id='block_1_16' title="bbox 272 1429 1861 1505">
    <p class='ocr_par' dir='ltr' id='par_1_16' title="bbox 272 1429 1861 1505">
     <span class='ocr_line' id='line_1_16' title="bbox 272 1429 1861 1505; baseline 0.003 -22"><span class='ocrx_word' id='word_1_103' title='bbox 272 1431 440 1503; x_wconf 77' lang='grc' dir='ltr'>τέρας</span> <span class='ocrx_word' id='word_1_104' title='bbox 495 1430 790 1493; x_wconf 75' lang='grc' dir='ltr'>ἐπιπνοίας</span> <span class='ocrx_word' id='word_1_105' title='bbox 834 1429 1155 1501; x_wconf 80' lang='grc' dir='ltr'>προέγνωσε</span> <span class='ocrx_word' id='word_1_106' title='bbox 1185 1448 1199 1463; x_wconf 79' lang='grc' dir='ltr'><strong><em>ο</em></strong></span> <span class='ocrx_word' id='word_1_107' title='bbox 1243 1432 1364 1496; x_wconf 89' lang='grc' dir='ltr'><strong>πῶς</strong></span> <span class='ocrx_word' id='word_1_108' title='bbox 1403 1434 1516 1504; x_wconf 83' lang='grc' dir='ltr'>γὰρ</span> <span class='ocrx_word' id='word_1_109' title='bbox 1573 1433 1861 1505; x_wconf 87' lang='grc' dir='ltr'>θεομαχῶν</span> 
     </span>
    </p>
   </div>
   <div class='ocr_carea' id='block_1_17' title="bbox 272 1508 1860 1597">
    <p class='ocr_par' dir='ltr' id='par_1_17' title="bbox 272 1508 1860 1597">
     <span class='ocr_line' id='line_1_17' title="bbox 272 1508 1860 1597; baseline 0.003 -21"><span class='ocrx_word' id='word_1_110' title='bbox 272 1525 508 1586; x_wconf 66' lang='grc' dir='ltr'>ὲκεῖνος,</span> <span class='ocrx_word' id='word_1_111' title='bbox 555 1522 652 1576; x_wconf 72' lang='grc' dir='ltr'><strong>καὶ</strong></span> <span class='ocrx_word' id='word_1_112' title='bbox 683 1522 859 1586; x_wconf 83' lang='grc' dir='ltr'>ἄλλως</span> <span class='ocrx_word' id='word_1_113' title='bbox 893 1523 1034 1594; x_wconf 78' lang='grc' dir='ltr'>ἀνὴρ</span> <span class='ocrx_word' id='word_1_114' title='bbox 1064 1508 1143 1577; x_wconf 76' lang='grc' dir='ltr'><strong>ὢν</strong></span> <span class='ocrx_word' id='word_1_115' title='bbox 1170 1525 1446 1596; x_wconf 74' lang='grc' dir='ltr'>αἱμάτων,</span> <span class='ocrx_word' id='word_1_116' title='bbox 1481 1526 1580 1581; x_wconf 70' lang='grc' dir='ltr'>καὶ</span> <span class='ocrx_word' id='word_1_117' title='bbox 1631 1525 1748 1597; x_wconf 78' lang='grc' dir='ltr'>βίου</span> <span class='ocrx_word' id='word_1_118' title='bbox 1784 1526 1860 1597; x_wconf 85' lang='grc' dir='ltr'>μὴ</span> 
     </span>
    </p>
   </div>
   <div class='ocr_carea' id='block_1_18' title="bbox 273 1613 1864 1688">
    <p class='ocr_par' dir='ltr' id='par_1_18' title="bbox 273 1613 1864 1688">
     <span class='ocr_line' id='line_1_18' title="bbox 273 1613 1864 1688; baseline 0.001 -19"><span class='ocrx_word' id='word_1_119' title='bbox 273 1615 469 1669; x_wconf 88' lang='grc' dir='ltr'>παθῶν</span> <span class='ocrx_word' id='word_1_120' title='bbox 527 1613 973 1685; x_wconf 75' lang='grc' dir='ltr'>καθαρεύοντοςς</span> <span class='ocrx_word' id='word_1_121' title='bbox 1021 1615 1261 1684; x_wconf 74' lang='grc' dir='ltr'>Λέγεται</span> <span class='ocrx_word' id='word_1_122' title='bbox 1324 1615 1419 1671; x_wconf 80' lang='grc' dir='ltr'>οὖν</span> <span class='ocrx_word' id='word_1_123' title='bbox 1474 1618 1864 1688; x_wconf 71' lang='grc' dir='ltr'>προεγνῶσθαι</span> 
     </span>
    </p>
   </div>
   <div class='ocr_carea' id='block_1_19' title="bbox 270 1708 1863 1781">
    <p class='ocr_par' dir='ltr' id='par_1_19' title="bbox 270 1708 1863 1781">
     <span class='ocr_line' id='line_1_19' title="bbox 270 1708 1863 1781; baseline 0.001 -18"><span class='ocrx_word' id='word_1_124' title='bbox 270 1708 425 1779; x_wconf 78' lang='grc' dir='ltr'><strong>αὐτῷ</strong></span> <span class='ocrx_word' id='word_1_125' title='bbox 456 1708 611 1779; x_wconf 77' lang='grc' dir='ltr'>παρά</span> <span class='ocrx_word' id='word_1_126' title='bbox 633 1725 728 1762; x_wconf 88' lang='grc' dir='ltr'><strong>του</strong></span> <span class='ocrx_word' id='word_1_127' title='bbox 751 1708 1216 1780; x_wconf 68' lang='grc' dir='ltr'>χρησμοδοτηθὲν,</span> <span class='ocrx_word' id='word_1_128' title='bbox 1244 1710 1327 1764; x_wconf 79' lang='grc' dir='ltr'>ὅτι</span> <span class='ocrx_word' id='word_1_129' title='bbox 1358 1710 1500 1764; x_wconf 81' lang='grc' dir='ltr'>κατὰ</span> <span class='ocrx_word' id='word_1_130' title='bbox 1519 1711 1621 1781; x_wconf 72' lang='grc' dir='ltr'>τὴν</span> <span class='ocrx_word' id='word_1_131' title='bbox 1645 1709 1863 1780; x_wconf 82' lang='grc' dir='ltr'>ἡμέραν</span> 
     </span>
    </p>
   </div>
   <div class='ocr_carea' id='block_1_20' title="bbox 1969 511 3558 585">
    <p class='ocr_par' dir='ltr' id='par_1_20' title="bbox 1969 511 3558 585">
     <span class='ocr_line' id='line_1_20' title="bbox 1969 511 3558 585; baseline 0.003 -20"><span class='ocrx_word' id='word_1_132' title='bbox 1969 513 2121 582; x_wconf 90' lang='lat' dir='ltr'><strong>pium</strong></span> <span class='ocrx_word' id='word_1_133' title='bbox 2176 511 2500 581; x_wconf 80' lang='lat' dir='ltr'><strong>appellans,</strong></span> <span class='ocrx_word' id='word_1_134' title='bbox 2563 512 2659 582; x_wconf 85' lang='lat' dir='ltr'><strong>qui</strong></span> <span class='ocrx_word' id='word_1_135' title='bbox 2725 511 2871 566; x_wconf 89' lang='lat' dir='ltr'><strong>diem</strong></span> <span class='ocrx_word' id='word_1_136' title='bbox 2933 513 3232 567; x_wconf 79' lang='lat' dir='ltr'><strong>venerandi</strong></span> <span class='ocrx_word' id='word_1_137' title='bbox 3308 515 3558 585; x_wconf 77' lang='lat' dir='ltr'><strong>mystcrii</strong></span> 
     </span>
    </p>
   </div>
   <div class='ocr_carea' id='block_1_21' title="bbox 1974 603 3553 661">
    <p class='ocr_par' dir='ltr' id='par_1_21' title="bbox 1974 603 3553 661">
     <span class='ocr_line' id='line_1_21' title="bbox 1974 603 3553 661; baseline 0 -1"><span class='ocrx_word' id='word_1_138' title='bbox 1974 604 2291 660; x_wconf 79' lang='lat' dir='ltr'><strong>Nativilatis</strong></span> <span class='ocrx_word' id='word_1_139' title='bbox 2330 603 2644 660; x_wconf 81' lang='lat' dir='ltr'><strong>Servatoris</strong></span> <span class='ocrx_word' id='word_1_140' title='bbox 2680 619 2792 659; x_wconf 87' lang='lat' dir='ltr'><strong>non</strong></span> <span class='ocrx_word' id='word_1_141' title='bbox 2841 615 3149 661; x_wconf 73' lang='lat' dir='ltr'><strong>vereretur.</strong></span> <span class='ocrx_word' id='word_1_142' title='bbox 3209 604 3306 660; x_wconf 79' lang='lat' dir='ltr'><strong>llis</strong></span> <span class='ocrx_word' id='word_1_143' title='bbox 3364 608 3553 660; x_wconf 78' lang='lat' dir='ltr'><strong>verbis</strong></span> 
     </span>
    </p>
   </div>
   <div class='ocr_carea' id='block_1_22' title="bbox 1971 692 3558 764">
    <p class='ocr_par' dir='ltr' id='par_1_22' title="bbox 1971 692 3558 764">
     <span class='ocr_line' id='line_1_22' title="bbox 1971 692 3558 764; baseline 0.003 -17"><span class='ocrx_word' id='word_1_144' title='bbox 1971 694 2094 763; x_wconf 86' lang='lat' dir='ltr'><strong>ejus</strong></span> <span class='ocrx_word' id='word_1_145' title='bbox 2125 692 2424 763; x_wconf 82' lang='lat' dir='ltr'><strong>asperitate</strong></span> <span class='ocrx_word' id='word_1_146' title='bbox 2477 693 2764 763; x_wconf 78' lang='lat' dir='ltr'><strong>mitigata,</strong></span> <span class='ocrx_word' id='word_1_147' title='bbox 2812 709 3114 764; x_wconf 83' lang='lat' dir='ltr'><strong>persuasus</strong></span> <span class='ocrx_word' id='word_1_148' title='bbox 3164 704 3224 749; x_wconf 90' lang='lat' dir='ltr'><strong>ut</strong></span> <span class='ocrx_word' id='word_1_149' title='bbox 3274 694 3558 751; x_wconf 71' lang='lat' dir='ltr'><strong>Michaelis</strong></span> 
     </span>
    </p>
   </div>
   <div class='ocr_carea' id='block_1_23' title="bbox 1971 782 3555 856">
    <p class='ocr_par' dir='ltr' id='par_1_23' title="bbox 1971 782 3555 856">
     <span class='ocr_line' id='line_1_23' title="bbox 1971 782 3555 856; baseline 0.003 -20"><span class='ocrx_word' id='word_1_150' title='bbox 1971 782 2258 837; x_wconf 86' lang='lat' dir='ltr'><strong>interitum</strong></span> <span class='ocrx_word' id='word_1_151' title='bbox 2294 782 2565 850; x_wconf 84' lang='lat' dir='ltr'><strong>dill&#39;erret,</strong></span> <span class='ocrx_word' id='word_1_152' title='bbox 2603 784 2670 838; x_wconf 91' lang='lat' dir='ltr'><strong>ad</strong></span> <span class='ocrx_word' id='word_1_153' title='bbox 2723 786 3013 856; x_wconf 78' lang='lat' dir='ltr'><strong>conjugem</strong></span> <span class='ocrx_word' id='word_1_154' title='bbox 3057 786 3197 840; x_wconf 81' lang='lat' dir='ltr'><strong>dixit</strong></span> <span class='ocrx_word' id='word_1_155' title='bbox 3234 803 3249 839; x_wconf 92' lang='lat'><strong>:</strong></span> <span class='ocrx_word' id='word_1_156' title='bbox 3289 786 3423 841; x_wconf 77' lang='lat' dir='ltr'><strong>Ecce</strong></span> <span class='ocrx_word' id='word_1_157' title='bbox 3463 788 3555 840; x_wconf 80' lang='lat' dir='ltr'><strong>ob-</strong></span> 
     </span>
    </p>
   </div>
   <div class='ocr_carea' id='block_1_24' title="bbox 1968 876 3556 951">
    <p class='ocr_par' dir='ltr' id='par_1_24' title="bbox 1968 876 3556 951">
     <span class='ocr_line' id='line_1_24' title="bbox 1968 876 3556 951; baseline 0.006 -24"><span class='ocrx_word' id='word_1_158' title='bbox 1968 883 2199 945; x_wconf 74' lang='lat' dir='ltr'><strong>tempero</strong></span> <span class='ocrx_word' id='word_1_159' title='bbox 2247 877 2339 931; x_wconf 77' lang='lat' dir='ltr'><strong>tibi</strong></span> <span class='ocrx_word' id='word_1_160' title='bbox 2369 892 2387 930; x_wconf 92' lang='lat'><em>:</em></span> <span class='ocrx_word' id='word_1_161' title='bbox 2412 876 2504 929; x_wconf 79' lang='lat' dir='ltr'><strong>sed</strong></span> <span class='ocrx_word' id='word_1_162' title='bbox 2555 885 2612 929; x_wconf 83' lang='lat' dir='ltr'><strong>tu</strong></span> <span class='ocrx_word' id='word_1_163' title='bbox 2651 876 2904 949; x_wconf 77' lang='lat' dir='ltr'><strong>liberique</strong></span> <span class='ocrx_word' id='word_1_164' title='bbox 2944 881 3022 933; x_wconf 83' lang='lat' dir='ltr'><strong>tui</strong></span> <span class='ocrx_word' id='word_1_165' title='bbox 3070 883 3387 951; x_wconf 59' lang='lat' dir='ltr'><strong>cognoscitis</strong></span> <span class='ocrx_word' id='word_1_166' title='bbox 3439 897 3556 944; x_wconf 67' lang='lat' dir='ltr'><strong>qua</strong></span> 
     </span>
    </p>
   </div>
   <div class='ocr_carea' id='block_1_25' title="bbox 1966 967 3554 1043">
    <p class='ocr_par' dir='ltr' id='par_1_25' title="bbox 1966 967 3554 1043">
     <span class='ocr_line' id='line_1_25' title="bbox 1966 967 3554 1043; baseline 0.004 -22"><span class='ocrx_word' id='word_1_167' title='bbox 1966 967 2109 1022; x_wconf 66' lang='lat' dir='ltr'><strong>vobis</strong></span> <span class='ocrx_word' id='word_1_168' title='bbox 2163 984 2228 1022; x_wconf 78' lang='lat' dir='ltr'><strong>ea:</strong></span> <span class='ocrx_word' id='word_1_169' title='bbox 2277 984 2337 1021; x_wconf 83' lang='lat' dir='ltr'><strong>eo</strong></span> <span class='ocrx_word' id='word_1_170' title='bbox 2379 978 2633 1024; x_wconf 78' lang='lat' dir='ltr'><strong>eventura</strong></span> <span class='ocrx_word' id='word_1_171' title='bbox 2676 972 2806 1023; x_wconf 83' lang='lat' dir='ltr'><strong>sint.</strong></span> <span class='ocrx_word' id='word_1_172' title='bbox 2861 971 2931 1025; x_wconf 83' lang='lat' dir='ltr'><strong>At</strong></span> <span class='ocrx_word' id='word_1_173' title='bbox 2960 972 3191 1026; x_wconf 80' lang='lat' dir='ltr'><strong>Michael</strong></span> <span class='ocrx_word' id='word_1_174' title='bbox 3233 973 3337 1026; x_wconf 87' lang='lat' dir='ltr'><strong>hoc</strong></span> <span class='ocrx_word' id='word_1_175' title='bbox 3394 985 3554 1043; x_wconf 84' lang='lat' dir='ltr'><strong>pacto</strong></span> 
     </span>
    </p>
   </div>
   <div class='ocr_carea' id='block_1_26' title="bbox 1966 1061 3553 1132">
    <p class='ocr_par' dir='ltr' id='par_1_26' title="bbox 1966 1061 3553 1132">
     <span class='ocr_line' id='line_1_26' title="bbox 1966 1061 3553 1132; baseline 0.003 -16"><span class='ocrx_word' id='word_1_176' title='bbox 1966 1076 2163 1116; x_wconf 77' lang='lat' dir='ltr'><strong>necem</strong></span> <span class='ocrx_word' id='word_1_177' title='bbox 2219 1061 2433 1132; x_wconf 76' lang='lat' dir='ltr'><strong>en‘ugit.</strong></span> <span class='ocrx_word' id='word_1_178' title='bbox 2494 1063 2719 1116; x_wconf 80' lang='lat' dir='ltr'><strong>Miretur</strong></span> <span class='ocrx_word' id='word_1_179' title='bbox 2771 1070 2955 1118; x_wconf 89' lang='lat' dir='ltr'><strong>autem</strong></span> <span class='ocrx_word' id='word_1_180' title='bbox 3012 1065 3215 1132; x_wconf 83' lang='lat' dir='ltr'><strong>aliquis</strong></span> <span class='ocrx_word' id='word_1_181' title='bbox 3250 1066 3395 1121; x_wconf 82' lang='lat' dir='ltr'><strong>unde</strong></span> <span class='ocrx_word' id='word_1_182' title='bbox 3440 1066 3553 1121; x_wconf 85' lang='lat' dir='ltr'><strong>Leo</strong></span> 
     </span>
    </p>
   </div>
   <div class='ocr_carea' id='block_1_27' title="bbox 1969 1151 3554 1223">
    <p class='ocr_par' dir='ltr' id='par_1_27' title="bbox 1969 1151 3554 1223">
     <span class='ocr_line' id='line_1_27' title="bbox 1969 1151 3554 1223; baseline 0.004 -17"><span class='ocrx_word' id='word_1_183' title='bbox 1969 1151 2153 1207; x_wconf 81' lang='lat' dir='ltr'><strong>futura</strong></span> <span class='ocrx_word' id='word_1_184' title='bbox 2181 1152 2523 1223; x_wconf 69' lang='lat' dir='ltr'><strong>praedixerit,</strong></span> <span class='ocrx_word' id='word_1_185' title='bbox 2553 1168 2676 1223; x_wconf 68' lang='lat' dir='ltr'><strong>quae</strong></span> <span class='ocrx_word' id='word_1_186' title='bbox 2709 1155 2898 1223; x_wconf 81' lang='lat' dir='ltr'><strong>utique</strong></span> <span class='ocrx_word' id='word_1_187' title='bbox 2929 1169 3038 1209; x_wconf 83' lang='lat' dir='ltr'><strong>non</strong></span> <span class='ocrx_word' id='word_1_188' title='bbox 3067 1171 3133 1208; x_wconf 75' lang='lat' dir='ltr'><strong>ex</strong></span> <span class='ocrx_word' id='word_1_189' title='bbox 3156 1156 3345 1212; x_wconf 82' lang='lat' dir='ltr'><strong>divino</strong></span> <span class='ocrx_word' id='word_1_190' title='bbox 3370 1156 3554 1212; x_wconf 79' lang='lat' dir='ltr'><strong>afﬂatu</strong></span> 
     </span>
    </p>
   </div>
   <div class='ocr_carea' id='block_1_28' title="bbox 1965 1246 3553 1320">
    <p class='ocr_par' dir='ltr' id='par_1_28' title="bbox 1965 1246 3553 1320">
     <span class='ocr_line' id='line_1_28' title="bbox 1965 1246 3553 1320; baseline 0.003 -21"><span class='ocrx_word' id='word_1_191' title='bbox 1965 1254 2260 1315; x_wconf 67' lang='lat' dir='ltr'><strong>cognorat,</strong></span> <span class='ocrx_word' id='word_1_192' title='bbox 2298 1246 2503 1316; x_wconf 87' lang='lat' dir='ltr'><strong>quippe</strong></span> <span class='ocrx_word' id='word_1_193' title='bbox 2541 1246 2707 1301; x_wconf 91' lang='lat' dir='ltr'><strong>homo</strong></span> <span class='ocrx_word' id='word_1_194' title='bbox 2750 1247 2983 1302; x_wconf 78' lang='lat' dir='ltr'><strong>infestus</strong></span> <span class='ocrx_word' id='word_1_195' title='bbox 3010 1248 3124 1303; x_wconf 87' lang='lat' dir='ltr'><strong>Deo</strong></span> <span class='ocrx_word' id='word_1_196' title='bbox 3152 1261 3209 1304; x_wconf 92' lang='lat' dir='ltr'><strong>ct</strong></span> <span class='ocrx_word' id='word_1_197' title='bbox 3256 1253 3553 1320; x_wconf 81' lang='lat' dir='ltr'><strong>sanguina-</strong></span> 
     </span>
    </p>
   </div>
   <div class='ocr_carea' id='block_1_29' title="bbox 1968 1337 3561 1411">
    <p class='ocr_par' dir='ltr' id='par_1_29' title="bbox 1968 1337 3561 1411">
     <span class='ocr_line' id='line_1_29' title="bbox 1968 1337 3561 1411; baseline 0.002 -19"><span class='ocrx_word' id='word_1_198' title='bbox 1968 1337 2106 1401; x_wconf 88' lang='lat' dir='ltr'><strong>rius,</strong></span> <span class='ocrx_word' id='word_1_199' title='bbox 2143 1339 2300 1410; x_wconf 79' lang='lat'><strong>133</strong></span> <span class='ocrx_word' id='word_1_200' title='bbox 2335 1339 2615 1409; x_wconf 89' lang='lat' dir='ltr'><strong>vitamque</strong></span> <span class='ocrx_word' id='word_1_201' title='bbox 2644 1340 2852 1411; x_wconf 81' lang='lat' dir='ltr'><strong>degens</strong></span> <span class='ocrx_word' id='word_1_202' title='bbox 2891 1341 3410 1411; x_wconf 81' lang='lat' dir='ltr'><strong>perturbationibus</strong></span> <span class='ocrx_word' id='word_1_203' title='bbox 3458 1343 3561 1396; x_wconf 83' lang='lat' dir='ltr'><strong>mi-</strong></span> 
     </span>
    </p>
   </div>
   <div class='ocr_carea' id='block_1_30' title="bbox 1968 1430 3555 1503">
    <p class='ocr_par' dir='ltr' id='par_1_30' title="bbox 1968 1430 3555 1503">
     <span class='ocr_line' id='line_1_30' title="bbox 1968 1430 3555 1503; baseline 0.003 -18"><span class='ocrx_word' id='word_1_204' title='bbox 1968 1430 2119 1485; x_wconf 88' lang='lat' dir='ltr'><strong>nime</strong></span> <span class='ocrx_word' id='word_1_205' title='bbox 2171 1432 2406 1500; x_wconf 77' lang='lat' dir='ltr'><strong>puram?</strong></span> <span class='ocrx_word' id='word_1_206' title='bbox 2453 1431 2649 1486; x_wconf 76' lang='lat' dir='ltr'><strong>Fertur</strong></span> <span class='ocrx_word' id='word_1_207' title='bbox 2682 1433 2965 1487; x_wconf 86' lang='lat' dir='ltr'><strong>oraculum</strong></span> <span class='ocrx_word' id='word_1_208' title='bbox 3018 1449 3048 1488; x_wconf 86' lang='lat' dir='ltr'><strong>a</strong></span> <span class='ocrx_word' id='word_1_209' title='bbox 3104 1434 3344 1503; x_wconf 87' lang='lat' dir='ltr'><strong>quodam</strong></span> <span class='ocrx_word' id='word_1_210' title='bbox 3394 1451 3555 1489; x_wconf 82' lang='lat' dir='ltr'><strong>aere-</strong></span> 
     </span>
    </p>
   </div>
   <div class='ocr_carea' id='block_1_31' title="bbox 1973 1523 3554 1596">
    <p class='ocr_par' dir='ltr' id='par_1_31' title="bbox 1973 1523 3554 1596">
     <span class='ocr_line' id='line_1_31' title="bbox 1973 1523 3554 1596; baseline 0.004 -20"><span class='ocrx_word' id='word_1_211' title='bbox 1973 1523 2142 1593; x_wconf 88' lang='lat' dir='ltr'><strong>pisse,</strong></span> <span class='ocrx_word' id='word_1_212' title='bbox 2174 1524 2295 1579; x_wconf 85' lang='lat' dir='ltr'><strong>lore</strong></span> <span class='ocrx_word' id='word_1_213' title='bbox 2331 1533 2391 1579; x_wconf 90' lang='lat' dir='ltr'><strong>ut</strong></span> <span class='ocrx_word' id='word_1_214' title='bbox 2415 1523 2505 1579; x_wconf 90' lang='lat' dir='ltr'><strong>die</strong></span> <span class='ocrx_word' id='word_1_215' title='bbox 2530 1525 2848 1580; x_wconf 88' lang='lat' dir='ltr'><strong>Nativitatis</strong></span> <span class='ocrx_word' id='word_1_216' title='bbox 2884 1524 3094 1580; x_wconf 83' lang='lat' dir='ltr'><strong>Christi</strong></span> <span class='ocrx_word' id='word_1_217' title='bbox 3117 1567 3130 1586; x_wconf 90' lang='lat'><strong>,</strong></span> <span class='ocrx_word' id='word_1_218' title='bbox 3163 1535 3219 1580; x_wconf 90' lang='lat' dir='ltr'><strong>et</strong></span> <span class='ocrx_word' id='word_1_219' title='bbox 3260 1526 3554 1596; x_wconf 87' lang='lat' dir='ltr'><strong>imperium</strong></span> 
     </span>
    </p>
   </div>
   <div class='ocr_carea' id='block_1_32' title="bbox 1974 1613 3557 1688">
    <p class='ocr_par' dir='ltr' id='par_1_32' title="bbox 1974 1613 3557 1688">
     <span class='ocr_line' id='line_1_32' title="bbox 1974 1613 3557 1688; baseline 0.003 -19"><span class='ocrx_word' id='word_1_220' title='bbox 1974 1621 2032 1669; x_wconf 87' lang='lat' dir='ltr'><strong>et</strong></span> <span class='ocrx_word' id='word_1_221' title='bbox 2081 1613 2251 1668; x_wconf 88' lang='lat' dir='ltr'><strong>vitam</strong></span> <span class='ocrx_word' id='word_1_222' title='bbox 2327 1616 2629 1671; x_wconf 85' lang='lat' dir='ltr'><strong>amitteret.</strong></span> <span class='ocrx_word' id='word_1_223' title='bbox 2686 1615 3018 1670; x_wconf 82' lang='lat' dir='ltr'><strong>Perhibctur</strong></span> <span class='ocrx_word' id='word_1_224' title='bbox 3076 1617 3242 1670; x_wconf 84' lang='lat' dir='ltr'><strong>etiam</strong></span> <span class='ocrx_word' id='word_1_225' title='bbox 3294 1617 3348 1670; x_wconf 93' lang='lat' dir='ltr'><strong>in</strong></span> <span class='ocrx_word' id='word_1_226' title='bbox 3406 1620 3557 1688; x_wconf 81' lang='lat' dir='ltr'><strong>regia</strong></span> 
     </span>
    </p>
   </div>
   <div class='ocr_carea' id='block_1_33' title="bbox 1968 1708 3556 1782">
    <p class='ocr_par' dir='ltr' id='par_1_33' title="bbox 1968 1708 3556 1782">
     <span class='ocr_line' id='line_1_33' title="bbox 1968 1708 3556 1782; baseline 0.002 -18"><span class='ocrx_word' id='word_1_227' title='bbox 1968 1708 2302 1765; x_wconf 82' lang='lat' dir='ltr'><strong>bibliotheca</strong></span> <span class='ocrx_word' id='word_1_228' title='bbox 2334 1709 2507 1765; x_wconf 80' lang='lat' dir='ltr'><strong>fuisse</strong></span> <span class='ocrx_word' id='word_1_229' title='bbox 2533 1710 2708 1773; x_wconf 88' lang='lat' dir='ltr'><strong>liber,</strong></span> <span class='ocrx_word' id='word_1_230' title='bbox 2739 1725 2851 1779; x_wconf 89' lang='lat' dir='ltr'><strong>quo</strong></span> <span class='ocrx_word' id='word_1_231' title='bbox 2881 1711 3100 1765; x_wconf 87' lang='lat' dir='ltr'><strong>oracula</strong></span> <span class='ocrx_word' id='word_1_232' title='bbox 3135 1712 3202 1765; x_wconf 85' lang='lat' dir='ltr'><strong>de</strong></span> <span class='ocrx_word' id='word_1_233' title='bbox 3256 1711 3556 1782; x_wconf 82' lang='lat' dir='ltr'><strong>imperato-</strong></span> 
     </span>
    </p>
   </div>
   <div class='ocr_carea' id='block_1_34' title="bbox 271 1793 1865 1874">
    <p class='ocr_par' dir='ltr' id='par_1_34' title="bbox 271 1800 1862 1874">
     <span class='ocr_line' id='line_1_34' title="bbox 271 1800 1862 1874; baseline 0.001 -19"><span class='ocrx_word' id='word_1_234' title='bbox 271 1801 374 1870; x_wconf 84' lang='grc' dir='ltr'>τῆς</span> <span class='ocrx_word' id='word_1_235' title='bbox 402 1801 719 1869; x_wconf 78' lang='grc' dir='ltr'>Γεννήσεως</span> <span class='ocrx_word' id='word_1_236' title='bbox 750 1800 847 1853; x_wconf 81' lang='grc' dir='ltr'><strong>τοῦ</strong></span> <span class='ocrx_word' id='word_1_237' title='bbox 896 1800 1162 1871; x_wconf 79' lang='grc' dir='ltr'>Χριστοῦ,</span> <span class='ocrx_word' id='word_1_238' title='bbox 1213 1803 1311 1855; x_wconf 79' lang='grc' dir='ltr'>καὶ</span> <span class='ocrx_word' id='word_1_239' title='bbox 1343 1802 1445 1871; x_wconf 87' lang='grc' dir='ltr'>τῆς</span> <span class='ocrx_word' id='word_1_240' title='bbox 1479 1803 1657 1874; x_wconf 82' lang='grc' dir='ltr'>ἀρχῆς</span> <span class='ocrx_word' id='word_1_241' title='bbox 1690 1804 1862 1856; x_wconf 61' lang='grc' dir='ltr'>ἔκπε-</span> 
     </span>
    </p>
   </div>
   <div class='ocr_carea' id='block_1_35' title="bbox 1971 1793 3556 1874">
    <p class='ocr_par' dir='ltr' id='par_1_35' title="bbox 1971 1802 3556 1871">
     <span class='ocr_line' id='line_1_35' title="bbox 1971 1802 3556 1871; baseline 0.003 -15"><span class='ocrx_word' id='word_1_242' title='bbox 1971 1802 2120 1857; x_wconf 88' lang='lat' dir='ltr'><strong>ribus</strong></span> <span class='ocrx_word' id='word_1_243' title='bbox 2171 1802 2641 1865; x_wconf 86' lang='lat' dir='ltr'><strong>continerentur,</strong></span> <span class='ocrx_word' id='word_1_244' title='bbox 2705 1802 3003 1871; x_wconf 68' lang='lat' dir='ltr'><strong>formaeque</strong></span> <span class='ocrx_word' id='word_1_245' title='bbox 3057 1812 3112 1858; x_wconf 89' lang='lat' dir='ltr'><strong>et</strong></span> <span class='ocrx_word' id='word_1_246' title='bbox 3164 1804 3448 1859; x_wconf 87' lang='lat' dir='ltr'><strong>hominum</strong></span> <span class='ocrx_word' id='word_1_247' title='bbox 3498 1814 3556 1860; x_wconf 83' lang='lat' dir='ltr'><strong>ct</strong></span> 
     </span>
    </p>
   </div>
   <div class='ocr_carea' id='block_1_36' title="bbox 273 1890 1860 1964">
    <p class='ocr_par' dir='ltr' id='par_1_36' title="bbox 273 1890 1860 1964">
     <span class='ocr_line' id='line_1_36' title="bbox 273 1890 1860 1964; baseline -0.001 -17"><span class='ocrx_word' id='word_1_248' title='bbox 273 1895 474 1958; x_wconf 79' lang='grc' dir='ltr'>σείται,</span> <span class='ocrx_word' id='word_1_249' title='bbox 515 1892 611 1946; x_wconf 72' lang='grc' dir='ltr'>καὶ</span> <span class='ocrx_word' id='word_1_250' title='bbox 673 1892 773 1962; x_wconf 86' lang='grc' dir='ltr'>τῆς</span> <span class='ocrx_word' id='word_1_251' title='bbox 809 1890 979 1962; x_wconf 79' lang='grc' dir='ltr'>ζωῆς.</span> <span class='ocrx_word' id='word_1_252' title='bbox 1023 1891 1186 1946; x_wconf 70' lang='grc' dir='ltr'>’Λλλὰ</span> <span class='ocrx_word' id='word_1_253' title='bbox 1239 1892 1336 1946; x_wconf 77' lang='grc' dir='ltr'><strong>καί</strong></span> <span class='ocrx_word' id='word_1_254' title='bbox 1383 1910 1437 1946; x_wconf 88' lang='grc' dir='ltr'><strong>τι</strong></span> <span class='ocrx_word' id='word_1_255' title='bbox 1476 1894 1611 1963; x_wconf 81' lang='grc' dir='ltr'>φασὶ</span> <span class='ocrx_word' id='word_1_256' title='bbox 1645 1895 1713 1964; x_wconf 81' lang='grc' dir='ltr'>τῇ</span> <span class='ocrx_word' id='word_1_257' title='bbox 1748 1893 1860 1946; x_wconf 84' lang='grc' dir='ltr'><strong>τῶν</strong></span> 
     </span>
    </p>
   </div>
   <div class='ocr_carea' id='block_1_37' title="bbox 271 1979 1862 2057">
    <p class='ocr_par' dir='ltr' id='par_1_37' title="bbox 271 1979 1862 2057">
     <span class='ocr_line' id='line_1_37' title="bbox 271 1979 1862 2057; baseline -0.001 -17"><span class='ocrx_word' id='word_1_258' title='bbox 271 1986 599 2057; x_wconf 79' lang='grc' dir='ltr'>ἀνακτόρων</span> <span class='ocrx_word' id='word_1_259' title='bbox 636 1984 844 2056; x_wconf 73' lang='grc' dir='ltr'>βιϐλίον</span> <span class='ocrx_word' id='word_1_260' title='bbox 869 1984 1285 2051; x_wconf 76' lang='grc' dir='ltr'>ἐναποκεῖσθαι,</span> <span class='ocrx_word' id='word_1_261' title='bbox 1318 1988 1376 2039; x_wconf 82' lang='grc' dir='ltr'>ὲν</span> <span class='ocrx_word' id='word_1_262' title='bbox 1405 1979 1451 2055; x_wconf 82' lang='grc' dir='ltr'>ᾧ</span> <span class='ocrx_word' id='word_1_263' title='bbox 1484 1986 1583 2040; x_wconf 77' lang='grc' dir='ltr'>καὶ</span> <span class='ocrx_word' id='word_1_264' title='bbox 1617 1986 1862 2057; x_wconf 72' lang='grc' dir='ltr'>χρησμοὶ</span> 
     </span>
    </p>
   </div>
   <div class='ocr_carea' id='block_1_38' title="bbox 273 2072 1861 2149">
    <p class='ocr_par' dir='ltr' id='par_1_38' title="bbox 273 2072 1861 2149">
     <span class='ocr_line' id='line_1_38' title="bbox 273 2072 1861 2149; baseline -0.002 -15"><span class='ocrx_word' id='word_1_265' title='bbox 273 2081 407 2149; x_wconf 62' lang='grc' dir='ltr'><strong>περὶ⁸</strong></span> <span class='ocrx_word' id='word_1_266' title='bbox 438 2078 549 2131; x_wconf 90' lang='grc' dir='ltr'><strong>τῶν</strong></span> <span class='ocrx_word' id='word_1_267' title='bbox 590 2076 864 2148; x_wconf 80' lang='grc' dir='ltr'>βασιλέων</span> <span class='ocrx_word' id='word_1_268' title='bbox 912 2072 1074 2148; x_wconf 75' lang='grc' dir='ltr'>ἦσαν,</span> <span class='ocrx_word' id='word_1_269' title='bbox 1102 2077 1198 2130; x_wconf 79' lang='grc' dir='ltr'>καὶ</span> <span class='ocrx_word' id='word_1_270' title='bbox 1231 2078 1442 2147; x_wconf 68' lang='grc' dir='ltr'>μορφαὶ</span> <span class='ocrx_word' id='word_1_271' title='bbox 1492 2077 1861 2149; x_wconf 85' lang='grc' dir='ltr'>ὲνεγράφοντο</span> 
     </span>
    </p>
   </div>
   <div class='ocr_carea' id='block_1_39' title="bbox 271 2169 1864 2246">
    <p class='ocr_par' dir='ltr' id='par_1_39' title="bbox 271 2169 1864 2246">
     <span class='ocr_line' id='line_1_39' title="bbox 271 2169 1864 2246; baseline -0.004 -17"><span class='ocrx_word' id='word_1_272' title='bbox 271 2173 583 2246; x_wconf 71' lang='grc' dir='ltr'>ἀνθρώπων</span> <span class='ocrx_word' id='word_1_273' title='bbox 613 2188 675 2224; x_wconf 87' lang='grc' dir='ltr'><strong>τε</strong></span> <span class='ocrx_word' id='word_1_274' title='bbox 735 2171 834 2224; x_wconf 77' lang='grc' dir='ltr'>καὶ</span> <span class='ocrx_word' id='word_1_275' title='bbox 863 2169 1069 2240; x_wconf 83' lang='grc' dir='ltr'>θηρῶν,</span> <span class='ocrx_word' id='word_1_276' title='bbox 1098 2170 1192 2224; x_wconf 80' lang='grc' dir='ltr'>καὶ</span> <span class='ocrx_word' id='word_1_277' title='bbox 1225 2170 1362 2241; x_wconf 69' lang='grc' dir='ltr'>μετὰ</span> <span class='ocrx_word' id='word_1_278' title='bbox 1387 2169 1498 2224; x_wconf 87' lang='grc' dir='ltr'><strong>τῶν</strong></span> <span class='ocrx_word' id='word_1_279' title='bbox 1539 2169 1719 2225; x_wconf 76' lang='grc' dir='ltr'>ἄλλων</span> <span class='ocrx_word' id='word_1_280' title='bbox 1745 2172 1864 2223; x_wconf 74' lang='grc' dir='ltr'>ἐκεῖ</span> 
     </span>
    </p>
   </div>
   <div class='ocr_carea' id='block_1_40' title="bbox 270 2256 1863 2338">
    <p class='ocr_par' dir='ltr' id='par_1_40' title="bbox 270 2256 1863 2338">
     <span class='ocr_line' id='line_1_40' title="bbox 270 2256 1863 2338; baseline -0.004 -16"><span class='ocrx_word' id='word_1_281' title='bbox 270 2270 366 2322; x_wconf 77' lang='grc' dir='ltr'>καὶ</span> <span class='ocrx_word' id='word_1_282' title='bbox 405 2267 558 2321; x_wconf 83' lang='grc' dir='ltr'>Λέων</span> <span class='ocrx_word' id='word_1_283' title='bbox 586 2263 690 2338; x_wconf 80' lang='grc' dir='ltr'>θὴρ</span> <span class='ocrx_word' id='word_1_284' title='bbox 716 2263 1122 2335; x_wconf 76' lang='grc' dir='ltr'>ὲχρωμάτιστο,</span> <span class='ocrx_word' id='word_1_285' title='bbox 1160 2256 1206 2332; x_wconf 82' lang='grc' dir='ltr'><strong>ᾧ</strong></span> <span class='ocrx_word' id='word_1_286' title='bbox 1239 2263 1384 2316; x_wconf 74' lang='grc' dir='ltr'>κατὰ</span> <span class='ocrx_word' id='word_1_287' title='bbox 1414 2262 1591 2318; x_wconf 81' lang='grc' dir='ltr'>νώτου</span> <span class='ocrx_word' id='word_1_288' title='bbox 1624 2263 1688 2316; x_wconf 81' lang='grc' dir='ltr'>τὸ</span> <span class='ocrx_word' id='word_1_289' title='bbox 1718 2279 1863 2316; x_wconf 77' lang='grc' dir='ltr'>στοι-</span> 
     </span>
    </p>
   </div>
   <div class='ocr_carea' id='block_1_41' title="bbox 272 2351 1861 2432">
    <p class='ocr_par' dir='ltr' id='par_1_41' title="bbox 272 2351 1861 2432">
     <span class='ocr_line' id='line_1_41' title="bbox 272 2351 1861 2432; baseline -0.003 -18"><span class='ocrx_word' id='word_1_290' title='bbox 272 2364 421 2432; x_wconf 80' lang='grc' dir='ltr'>χεῖον</span> <span class='ocrx_word' id='word_1_291' title='bbox 445 2360 506 2413; x_wconf 80' lang='grc' dir='ltr'>τὸ</span> <span class='ocrx_word' id='word_1_292' title='bbox 538 2361 582 2413; x_wconf 83' lang='grc' dir='ltr'><strong>Χ</strong></span> <span class='ocrx_word' id='word_1_293' title='bbox 624 2357 1037 2430; x_wconf 82' lang='grc' dir='ltr'>έγκεχάρακτο·</span> <span class='ocrx_word' id='word_1_294' title='bbox 1093 2357 1234 2428; x_wconf 79' lang='grc' dir='ltr'>ἀνὴρ</span> <span class='ocrx_word' id='word_1_295' title='bbox 1290 2357 1337 2409; x_wconf 82' lang='grc' dir='ltr'>δ’</span> <span class='ocrx_word' id='word_1_296' title='bbox 1357 2351 1428 2428; x_wconf 78' lang='grc' dir='ltr'>ἦν</span> <span class='ocrx_word' id='word_1_297' title='bbox 1481 2355 1713 2411; x_wconf 73' lang='grc' dir='ltr'>ὄπισθεν</span> <span class='ocrx_word' id='word_1_298' title='bbox 1764 2354 1861 2410; x_wconf 81' lang='grc' dir='ltr'>τοῦ</span> 
     </span>
    </p>
   </div>
   <div class='ocr_carea' id='block_1_42' title="bbox 275 2448 1856 2521">
    <p class='ocr_par' dir='ltr' id='par_1_42' title="bbox 275 2448 1856 2521">
     <span class='ocr_line' id='line_1_42' title="bbox 275 2448 1856 2521; baseline -0.001 -17"><span class='ocrx_word' id='word_1_299' title='bbox 275 2451 466 2521; x_wconf 69' lang='grc' dir='ltr'>θηρὸς,</span> <span class='ocrx_word' id='word_1_300' title='bbox 486 2451 675 2520; x_wconf 68' lang='grc' dir='ltr'>δόρατι</span> <span class='ocrx_word' id='word_1_301' title='bbox 696 2449 787 2503; x_wconf 76' lang='grc' dir='ltr'>διὰ</span> <span class='ocrx_word' id='word_1_302' title='bbox 812 2449 982 2519; x_wconf 84' lang='grc' dir='ltr'>μέσου</span> <span class='ocrx_word' id='word_1_303' title='bbox 1006 2448 1104 2502; x_wconf 83' lang='grc' dir='ltr'>τοῦ</span> <span class='ocrx_word' id='word_1_304' title='bbox 1135 2449 1183 2503; x_wconf 82' lang='grc' dir='ltr'>Χ</span> <span class='ocrx_word' id='word_1_305' title='bbox 1204 2449 1501 2503; x_wconf 84' lang='grc' dir='ltr'>διελαύνων</span> <span class='ocrx_word' id='word_1_306' title='bbox 1517 2448 1612 2502; x_wconf 81' lang='grc' dir='ltr'>τὸν</span> <span class='ocrx_word' id='word_1_307' title='bbox 1631 2448 1856 2503; x_wconf 80' lang='grc' dir='ltr'>Λέοντα.</span> 
     </span>
    </p>
   </div>
   <div class='ocr_carea' id='block_1_43' title="bbox 290 2534 1861 2612">
    <p class='ocr_par' dir='ltr' id='par_1_43' title="bbox 290 2534 1861 2612">
     <span class='ocr_line' id='line_1_43' title="bbox 290 2534 1861 2612; baseline -0.003 -16"><span class='ocrx_word' id='word_1_308' title='bbox 290 2544 355 2603; x_wconf 79' lang='grc' dir='ltr'><strong>Ἦ</strong></span> <span class='ocrx_word' id='word_1_309' title='bbox 390 2543 490 2611; x_wconf 87' lang='grc' dir='ltr'>μὲν</span> <span class='ocrx_word' id='word_1_310' title='bbox 519 2537 614 2595; x_wconf 81' lang='grc' dir='ltr'>οὖν</span> <span class='ocrx_word' id='word_1_311' title='bbox 649 2540 834 2611; x_wconf 74' lang='grc' dir='ltr'>βίϐλος</span> <span class='ocrx_word' id='word_1_312' title='bbox 868 2538 984 2610; x_wconf 75' lang='grc' dir='ltr'>εἶχε</span> <span class='ocrx_word' id='word_1_313' title='bbox 1015 2541 1198 2603; x_wconf 75' lang='grc' dir='ltr'>ταυτὶ,</span> <span class='ocrx_word' id='word_1_314' title='bbox 1228 2541 1326 2594; x_wconf 75' lang='grc' dir='ltr'>καὶ</span> <span class='ocrx_word' id='word_1_315' title='bbox 1353 2534 1520 2612; x_wconf 81' lang='grc' dir='ltr'>ἦσαν,</span> <span class='ocrx_word' id='word_1_316' title='bbox 1548 2540 1625 2603; x_wconf 81' lang='grc' dir='ltr'><strong>ὡς</strong></span> <span class='ocrx_word' id='word_1_317' title='bbox 1660 2539 1861 2603; x_wconf 79' lang='grc' dir='ltr'>ἐδόκει,</span> 
     </span>
    </p>
   </div>
   <div class='ocr_carea' id='block_1_44' title="bbox 276 2630 1863 2705">
    <p class='ocr_par' dir='ltr' id='par_1_44' title="bbox 276 2630 1863 2705">
     <span class='ocr_line' id='line_1_44' title="bbox 276 2630 1863 2705; baseline -0.001 -18"><span class='ocrx_word' id='word_1_318' title='bbox 276 2634 565 2689; x_wconf 78' lang='grc' dir='ltr'>Σιϐύλλεια</span> <span class='ocrx_word' id='word_1_319' title='bbox 626 2632 1112 2705; x_wconf 80' lang='grc' dir='ltr'>χρησμῳδὴματα.</span> <span class='ocrx_word' id='word_1_320' title='bbox 1163 2631 1239 2685; x_wconf 82' lang='grc' dir='ltr'>Τδ</span> <span class='ocrx_word' id='word_1_321' title='bbox 1288 2631 1346 2685; x_wconf 76' lang='grc' dir='ltr'>δὲ</span> <span class='ocrx_word' id='word_1_322' title='bbox 1402 2631 1505 2701; x_wconf 78' lang='grc' dir='ltr'>τῆς</span> <span class='ocrx_word' id='word_1_323' title='bbox 1560 2630 1863 2701; x_wconf 72' lang='grc' dir='ltr'>εἰρημένης</span> 
     </span>
    </p>
   </div>
   <div class='ocr_carea' id='block_1_45' title="bbox 271 2720 1864 2798">
    <p class='ocr_par' dir='ltr' id='par_1_45' title="bbox 271 2720 1864 2798">
     <span class='ocr_line' id='line_1_45' title="bbox 271 2720 1864 2798; baseline -0.002 -19"><span class='ocrx_word' id='word_1_324' title='bbox 271 2726 741 2798; x_wconf 82' lang='grc' dir='ltr'>χρωματουργίας</span> <span class='ocrx_word' id='word_1_325' title='bbox 780 2724 1191 2796; x_wconf 79' lang='grc' dir='ltr'>αἰνιγματῶδες</span> <span class='ocrx_word' id='word_1_326' title='bbox 1231 2724 1677 2795; x_wconf 85' lang='grc' dir='ltr'>δυσερμήνευτον</span> <span class='ocrx_word' id='word_1_327' title='bbox 1707 2720 1788 2785; x_wconf 78' lang='grc' dir='ltr'>ὃν,</span> <span class='ocrx_word' id='word_1_328' title='bbox 1834 2724 1864 2776; x_wconf 82' lang='grc' dir='ltr'><strong>δ</strong></span> 
     </span>
    </p>
   </div>
   <div class='ocr_carea' id='block_1_46' title="bbox 271 2812 1865 2888">
    <p class='ocr_par' dir='ltr' id='par_1_46' title="bbox 271 2812 1865 2888">
     <span class='ocr_line' id='line_1_46' title="bbox 271 2812 1865 2888; baseline -0.004 -18"><span class='ocrx_word' id='word_1_329' title='bbox 271 2818 397 2871; x_wconf 79' lang='grc' dir='ltr'>τότε</span> <span class='ocrx_word' id='word_1_330' title='bbox 428 2818 733 2888; x_wconf 77' lang='grc' dir='ltr'>κοιαίστωρ</span> <span class='ocrx_word' id='word_1_331' title='bbox 758 2817 835 2878; x_wconf 83' lang='grc' dir='ltr'><strong>ὡς</strong></span> <span class='ocrx_word' id='word_1_332' title='bbox 864 2816 1108 2884; x_wconf 86' lang='grc' dir='ltr'>λέγεται,</span> <span class='ocrx_word' id='word_1_333' title='bbox 1132 2814 1490 2884; x_wconf 82' lang='grc' dir='ltr'>διεσάφησεν,</span> <span class='ocrx_word' id='word_1_334' title='bbox 1518 2812 1692 2867; x_wconf 77' lang='grc' dir='ltr'>εἰπὼν</span> <span class='ocrx_word' id='word_1_335' title='bbox 1720 2812 1865 2865; x_wconf 64' lang='grc' dir='ltr'>κατὰ</span> 
     </span>
    </p>
   </div>
   <div class='ocr_carea' id='block_1_47' title="bbox 270 2901 1863 2981">
    <p class='ocr_par' dir='ltr' id='par_1_47' title="bbox 270 2901 1863 2981">
     <span class='ocr_line' id='line_1_47' title="bbox 270 2901 1863 2981; baseline -0.002 -17"><span class='ocrx_word' id='word_1_336' title='bbox 270 2910 375 2981; x_wconf 82' lang='grc' dir='ltr'>τὴν</span> <span class='ocrx_word' id='word_1_337' title='bbox 426 2910 647 2981; x_wconf 78' lang='grc' dir='ltr'>ἡμέραν</span> <span class='ocrx_word' id='word_1_338' title='bbox 685 2901 786 2980; x_wconf 78' lang='grc' dir='ltr'>τῆς</span> <span class='ocrx_word' id='word_1_339' title='bbox 833 2909 1150 2979; x_wconf 81' lang='grc' dir='ltr'>Γεννήσεως</span> <span class='ocrx_word' id='word_1_340' title='bbox 1194 2907 1291 2962; x_wconf 83' lang='grc' dir='ltr'>τοῦ</span> <span class='ocrx_word' id='word_1_341' title='bbox 1334 2906 1579 2979; x_wconf 85' lang='grc' dir='ltr'>Χριστοῦ</span> <span class='ocrx_word' id='word_1_342' title='bbox 1638 2906 1863 2977; x_wconf 76' lang='grc' dir='ltr'>βασιλέα</span> 
     </span>
    </p>
   </div>
   <div class='ocr_carea' id='block_1_48' title="bbox 273 2999 1865 3075">
    <p class='ocr_par' dir='ltr' id='par_1_48' title="bbox 273 2999 1865 3075">
     <span class='ocr_line' id='line_1_48' title="bbox 273 2999 1865 3075; baseline -0.003 -18"><span class='ocrx_word' id='word_1_343' title='bbox 273 3002 659 3075; x_wconf 81' lang='grc' dir='ltr'>ἀναιρεθῆναι.</span> <span class='ocrx_word' id='word_1_344' title='bbox 688 3003 764 3055; x_wconf 86' lang='grc' dir='ltr'>Τὸ</span> <span class='ocrx_word' id='word_1_345' title='bbox 791 3002 892 3073; x_wconf 86' lang='grc' dir='ltr'>μὲν</span> <span class='ocrx_word' id='word_1_346' title='bbox 920 3002 1032 3071; x_wconf 83' lang='grc' dir='ltr'>γὰρ</span> <span class='ocrx_word' id='word_1_347' title='bbox 1063 3000 1257 3071; x_wconf 76' lang='grc' dir='ltr'>θηρίον</span> <span class='ocrx_word' id='word_1_348' title='bbox 1291 2999 1521 3071; x_wconf 59' lang='grc' dir='ltr'>βασελέα</span> <span class='ocrx_word' id='word_1_349' title='bbox 1548 2999 1769 3070; x_wconf 82' lang='grc' dir='ltr'>δηλοῦν,</span> <span class='ocrx_word' id='word_1_350' title='bbox 1801 3001 1865 3053; x_wconf 76' lang='grc' dir='ltr'>τὸ</span> 
     </span>
    </p>
   </div>
   <div class='ocr_carea' id='block_1_49' title="bbox 272 3090 1864 3166">
    <p class='ocr_par' dir='ltr' id='par_1_49' title="bbox 272 3090 1864 3166">
     <span class='ocr_line' id='line_1_49' title="bbox 272 3090 1864 3166; baseline -0.003 -16"><span class='ocrx_word' id='word_1_351' title='bbox 272 3096 332 3150; x_wconf 78' lang='grc' dir='ltr'>δὲ</span> <span class='ocrx_word' id='word_1_352' title='bbox 366 3097 414 3149; x_wconf 86' lang='grc' dir='ltr'><strong>Χ</strong></span> <span class='ocrx_word' id='word_1_353' title='bbox 454 3094 558 3166; x_wconf 80' lang='grc' dir='ltr'>τὴν</span> <span class='ocrx_word' id='word_1_354' title='bbox 604 3094 908 3165; x_wconf 70' lang='grc' dir='ltr'>εἰρημένην</span> <span class='ocrx_word' id='word_1_355' title='bbox 943 3095 975 3163; x_wconf 91' lang='grc' dir='ltr'><strong>ἡ</strong></span> <span class='ocrx_word' id='word_1_356' title='bbox 986 3093 1162 3164; x_wconf 80' lang='grc' dir='ltr'>μέραν</span> <span class='ocrx_word' id='word_1_357' title='bbox 1192 3090 1557 3155; x_wconf 75' lang='grc' dir='ltr'>αἰνίττεσθαι,</span> <span class='ocrx_word' id='word_1_358' title='bbox 1592 3090 1657 3144; x_wconf 78' lang='grc' dir='ltr'>τὸ</span> <span class='ocrx_word' id='word_1_359' title='bbox 1689 3090 1748 3143; x_wconf 81' lang='grc' dir='ltr'>δὲ</span> <span class='ocrx_word' id='word_1_360' title='bbox 1774 3091 1864 3145; x_wconf 77' lang='grc' dir='ltr'><strong>διὰ</strong></span> 
     </span>
    </p>
   </div>
   <div class='ocr_carea' id='block_1_50' title="bbox 277 3181 1866 3257">
    <p class='ocr_par' dir='ltr' id='par_1_50' title="bbox 277 3181 1866 3257">
     <span class='ocr_line' id='line_1_50' title="bbox 277 3181 1866 3257; baseline -0.004 -17"><span class='ocrx_word' id='word_1_361' title='bbox 277 3187 448 3257; x_wconf 81' lang='grc' dir='ltr'>μέσον</span> <span class='ocrx_word' id='word_1_362' title='bbox 496 3186 591 3240; x_wconf 73' lang='grc' dir='ltr'>τοῦ</span> <span class='ocrx_word' id='word_1_363' title='bbox 634 3186 683 3239; x_wconf 81' lang='grc' dir='ltr'>Χ</span> <span class='ocrx_word' id='word_1_364' title='bbox 732 3184 811 3256; x_wconf 81' lang='grc' dir='ltr'>τῷ</span> <span class='ocrx_word' id='word_1_365' title='bbox 859 3186 1053 3238; x_wconf 80' lang='grc' dir='ltr'>Λέοντι</span> <span class='ocrx_word' id='word_1_366' title='bbox 1080 3184 1141 3237; x_wconf 78' lang='grc' dir='ltr'>τὸ</span> <span class='ocrx_word' id='word_1_367' title='bbox 1168 3184 1299 3256; x_wconf 81' lang='grc' dir='ltr'>δόρυ</span> <span class='ocrx_word' id='word_1_368' title='bbox 1346 3182 1755 3255; x_wconf 81' lang='grc' dir='ltr'>ὲμπὴγνυσθαι,</span> <span class='ocrx_word' id='word_1_369' title='bbox 1805 3181 1866 3235; x_wconf 74' lang='grc' dir='ltr'>τὸ</span> 
     </span>
    </p>
   </div>
   <div class='ocr_carea' id='block_1_51' title="bbox 276 3273 1866 3349">
    <p class='ocr_par' dir='ltr' id='par_1_51' title="bbox 276 3273 1866 3349">
     <span class='ocr_line' id='line_1_51' title="bbox 276 3273 1866 3349; baseline -0.004 -16"><span class='ocrx_word' id='word_1_370' title='bbox 276 3279 400 3333; x_wconf 81' lang='grc' dir='ltr'>κατ’</span> <span class='ocrx_word' id='word_1_371' title='bbox 434 3278 608 3349; x_wconf 78' lang='grc' dir='ltr'>αὐτὴν</span> <span class='ocrx_word' id='word_1_372' title='bbox 660 3279 760 3348; x_wconf 81' lang='grc' dir='ltr'>τὴν</span> <span class='ocrx_word' id='word_1_373' title='bbox 813 3278 1031 3348; x_wconf 86' lang='grc' dir='ltr'>ἡμέραν</span> <span class='ocrx_word' id='word_1_374' title='bbox 1084 3276 1185 3346; x_wconf 81' lang='grc' dir='ltr'>τῆς</span> <span class='ocrx_word' id='word_1_375' title='bbox 1232 3276 1432 3347; x_wconf 74' lang='grc' dir='ltr'>ἑορτῆς</span> <span class='ocrx_word' id='word_1_376' title='bbox 1483 3276 1579 3328; x_wconf 84' lang='grc' dir='ltr'>τὸν</span> <span class='ocrx_word' id='word_1_377' title='bbox 1635 3273 1866 3345; x_wconf 81' lang='grc' dir='ltr'>βασιλέα</span> 
     </span>
    </p>
   </div>
   <div class='ocr_carea' id='block_1_52' title="bbox 276 3368 1869 3442">
    <p class='ocr_par' dir='ltr' id='par_1_52' title="bbox 276 3368 1869 3442">
     <span class='ocr_line' id='line_1_52' title="bbox 276 3368 1869 3442; baseline -0.003 -16"><span class='ocrx_word' id='word_1_378' title='bbox 276 3370 705 3442; x_wconf 81' lang='grc' dir='ltr'>κτανθήσεσθαι.</span> <span class='ocrx_word' id='word_1_379' title='bbox 742 3368 931 3424; x_wconf 80' lang='grc' dir='ltr'>Ταῦτα</span> <span class='ocrx_word' id='word_1_380' title='bbox 965 3369 1060 3423; x_wconf 81' lang='grc' dir='ltr'><strong>τὸν</strong></span> <span class='ocrx_word' id='word_1_381' title='bbox 1102 3368 1336 3440; x_wconf 79' lang='grc' dir='ltr'>βασιλέα</span> <span class='ocrx_word' id='word_1_382' title='bbox 1370 3369 1690 3440; x_wconf 75' lang='grc' dir='ltr'>ἐτάραττεν,</span> <span class='ocrx_word' id='word_1_383' title='bbox 1729 3368 1869 3423; x_wconf 71' lang='grc' dir='ltr'>ἀλλά</span> 
     </span>
    </p>
   </div>
   <div class='ocr_carea' id='block_1_53' title="bbox 278 3460 1868 3532">
    <p class='ocr_par' dir='ltr' id='par_1_53' title="bbox 278 3460 1868 3532">
     <span class='ocr_line' id='line_1_53' title="bbox 278 3460 1868 3532; baseline -0.011 0"><span class='ocrx_word' id='word_1_384' title='bbox 278 3461 392 3532; x_wconf 79' lang='grc' dir='ltr'>μὴν</span> <span class='ocrx_word' id='word_1_385' title='bbox 424 3462 521 3515; x_wconf 68' lang='grc' dir='ltr'><strong>καὶ</strong></span> <span class='ocrx_word' id='word_1_386' title='bbox 546 3462 708 3516; x_wconf 72' lang='grc' dir='ltr'>αὑτὸν</span> <span class='ocrx_word' id='word_1_387' title='bbox 741 3462 837 3514; x_wconf 73' lang='grc' dir='ltr'><strong>καὶ</strong></span> <span class='ocrx_word' id='word_1_388' title='bbox 866 3461 929 3515; x_wconf 74' lang='grc' dir='ltr'>τὸ</span> <span class='ocrx_word' id='word_1_389' title='bbox 958 3464 1059 3531; x_wconf 80' lang='grc' dir='ltr'>τῆς</span> <span class='ocrx_word' id='word_1_390' title='bbox 1089 3461 1302 3531; x_wconf 74' lang='grc' dir='ltr'>μητρὶς</span> <span class='ocrx_word' id='word_1_391' title='bbox 1331 3460 1687 3532; x_wconf 80' lang='grc' dir='ltr'>ὲξεδειμάτου</span> <span class='ocrx_word' id='word_1_392' title='bbox 1744 3461 1868 3514; x_wconf 80' lang='grc' dir='ltr'>ἐνύ-</span> 
     </span>
    </p>
   </div>
   <div class='ocr_carea' id='block_1_54' title="bbox 278 3549 1868 3622">
    <p class='ocr_par' dir='ltr' id='par_1_54' title="bbox 278 3549 1868 3622">
     <span class='ocr_line' id='line_1_54' title="bbox 278 3549 1868 3622; baseline -0.001 -17"><span class='ocrx_word' id='word_1_393' title='bbox 278 3568 461 3605; x_wconf 82' lang='grc' dir='ltr'>πνιον.</span> <span class='ocrx_word' id='word_1_394' title='bbox 499 3550 685 3615; x_wconf 80' lang='grc' dir='ltr'>Ἔδοξε</span> <span class='ocrx_word' id='word_1_395' title='bbox 735 3552 846 3622; x_wconf 73' lang='grc' dir='ltr'><strong>γὰρ</strong></span> <span class='ocrx_word' id='word_1_396' title='bbox 889 3550 1079 3621; x_wconf 72' lang='grc' dir='ltr'>ἐκείνῃ</span> <span class='ocrx_word' id='word_1_397' title='bbox 1108 3552 1166 3603; x_wconf 78' lang='grc' dir='ltr'>ἐν</span> <span class='ocrx_word' id='word_1_398' title='bbox 1194 3549 1274 3620; x_wconf 82' lang='grc' dir='ltr'>τῷ</span> <span class='ocrx_word' id='word_1_399' title='bbox 1313 3549 1429 3620; x_wconf 83' lang='grc' dir='ltr'><strong>ναῷ</strong></span> <span class='ocrx_word' id='word_1_400' title='bbox 1460 3551 1558 3620; x_wconf 85' lang='grc' dir='ltr'>τῆς</span> <span class='ocrx_word' id='word_1_401' title='bbox 1592 3551 1868 3621; x_wconf 80' lang='grc' dir='ltr'>Θεομήτο-</span> 
     </span>
    </p>
   </div>
   <div class='ocr_carea' id='block_1_55' title="bbox 287 3640 1868 3715">
    <p class='ocr_par' dir='ltr' id='par_1_55' title="bbox 287 3640 1868 3715">
     <span class='ocr_line' id='line_1_55' title="bbox 287 3640 1868 3715; baseline 0.001 -21"><span class='ocrx_word' id='word_1_402' title='bbox 287 3659 382 3715; x_wconf 83' lang='grc' dir='ltr'><strong>ρος</strong></span> <span class='ocrx_word' id='word_1_403' title='bbox 413 3640 557 3695; x_wconf 75' lang='grc' dir='ltr'>εἶναι</span> <span class='ocrx_word' id='word_1_404' title='bbox 587 3643 665 3713; x_wconf 84' lang='grc' dir='ltr'><strong>τῷ</strong></span> <span class='ocrx_word' id='word_1_405' title='bbox 693 3644 751 3696; x_wconf 79' lang='grc' dir='ltr'>ὲν</span> <span class='ocrx_word' id='word_1_406' title='bbox 783 3642 1143 3712; x_wconf 78' lang='grc' dir='ltr'>Βλαχὲρναις,</span> <span class='ocrx_word' id='word_1_407' title='bbox 1177 3645 1272 3695; x_wconf 68' lang='grc' dir='ltr'>καὶ</span> <span class='ocrx_word' id='word_1_408' title='bbox 1297 3642 1436 3712; x_wconf 76' lang='grc' dir='ltr'>ὸρᾷν</span> <span class='ocrx_word' id='word_1_409' title='bbox 1467 3642 1708 3711; x_wconf 82' lang='grc' dir='ltr'>γυναῖκά</span> <span class='ocrx_word' id='word_1_410' title='bbox 1743 3658 1868 3696; x_wconf 89' lang='grc' dir='ltr'>τινα</span> 
     </span>
    </p>
   </div>
   <div class='ocr_carea' id='block_1_56' title="bbox 281 3732 1868 3807">
    <p class='ocr_par' dir='ltr' id='par_1_56' title="bbox 281 3732 1868 3807">
     <span class='ocr_line' id='line_1_56' title="bbox 281 3732 1868 3807; baseline -0.001 -19"><span class='ocrx_word' id='word_1_411' title='bbox 281 3734 757 3807; x_wconf 82' lang='grc' dir='ltr'>προπεμπομένην</span> <span class='ocrx_word' id='word_1_412' title='bbox 811 3733 1041 3804; x_wconf 83' lang='grc' dir='ltr'>ἀνδράσι</span> <span class='ocrx_word' id='word_1_413' title='bbox 1092 3733 1449 3803; x_wconf 68' lang='grc' dir='ltr'>λευχείμοσι,</span> <span class='ocrx_word' id='word_1_414' title='bbox 1504 3733 1602 3787; x_wconf 81' lang='grc' dir='ltr'>καὶ</span> <span class='ocrx_word' id='word_1_415' title='bbox 1654 3732 1868 3804; x_wconf 84' lang='grc' dir='ltr'>πλῆρες</span> 
     </span>
    </p>
   </div>
   <div class='ocr_carea' id='block_1_57' title="bbox 278 3824 1870 3900">
    <p class='ocr_par' dir='ltr' id='par_1_57' title="bbox 278 3824 1870 3900">
     <span class='ocr_line' id='line_1_57' title="bbox 278 3824 1870 3900; baseline -0.002 -18"><span class='ocrx_word' id='word_1_416' title='bbox 278 3829 530 3900; x_wconf 78' lang='grc' dir='ltr'>αἱμάτων</span> <span class='ocrx_word' id='word_1_417' title='bbox 559 3828 619 3881; x_wconf 87' lang='grc' dir='ltr'><strong>τὺ</strong></span> <span class='ocrx_word' id='word_1_418' title='bbox 649 3827 877 3881; x_wconf 80' lang='grc' dir='ltr'>δάπεδον</span> <span class='ocrx_word' id='word_1_419' title='bbox 911 3824 1007 3879; x_wconf 82' lang='grc' dir='ltr'>τοῦ</span> <span class='ocrx_word' id='word_1_420' title='bbox 1040 3825 1196 3893; x_wconf 88' lang='grc' dir='ltr'>ναοῦ,</span> <span class='ocrx_word' id='word_1_421' title='bbox 1228 3825 1469 3880; x_wconf 79' lang='grc' dir='ltr'>ἀκοῦσαί</span> <span class='ocrx_word' id='word_1_422' title='bbox 1491 3843 1553 3880; x_wconf 90' lang='grc' dir='ltr'><strong>τε</strong></span> <span class='ocrx_word' id='word_1_423' title='bbox 1582 3827 1682 3897; x_wconf 85' lang='grc' dir='ltr'>τῆς</span> <span class='ocrx_word' id='word_1_424' title='bbox 1710 3826 1870 3898; x_wconf 86' lang='grc' dir='ltr'>δορυ-</span> 
     </span>
    </p>
   </div>
   <div class='ocr_carea' id='block_1_58' title="bbox 278 3917 1869 3993">
    <p class='ocr_par' dir='ltr' id='par_1_58' title="bbox 278 3917 1869 3993">
     <span class='ocr_line' id='line_1_58' title="bbox 278 3917 1869 3993; baseline -0.003 -19"><span class='ocrx_word' id='word_1_425' title='bbox 278 3921 627 3993; x_wconf 83' lang='grc' dir='ltr'>φορουμένης</span> <span class='ocrx_word' id='word_1_426' title='bbox 675 3921 918 3990; x_wconf 70' lang='grc' dir='ltr'>ἐκείνης,</span> <span class='ocrx_word' id='word_1_427' title='bbox 954 3917 1287 3989; x_wconf 80' lang='grc' dir='ltr'>κελευούσης</span> <span class='ocrx_word' id='word_1_428' title='bbox 1323 3917 1562 3990; x_wconf 75' lang='grc' dir='ltr'>αἵματος</span> <span class='ocrx_word' id='word_1_429' title='bbox 1607 3917 1782 3987; x_wconf 81' lang='grc' dir='ltr'>ἄγγος</span> <span class='ocrx_word' id='word_1_430' title='bbox 1815 3935 1869 3972; x_wconf 90' lang='grc' dir='ltr'><strong>τι</strong></span> 
     </span>
    </p>
   </div>
   <div class='ocr_carea' id='block_1_59' title="bbox 278 4010 1864 4087">
    <p class='ocr_par' dir='ltr' id='par_1_59' title="bbox 278 4010 1864 4087">
     <span class='ocr_line' id='line_1_59' title="bbox 278 4010 1864 4087; baseline -0.003 -18"><span class='ocrx_word' id='word_1_431' title='bbox 278 4015 635 4087; x_wconf 78' lang='grc' dir='ltr'>πλησθῆναι,</span> <span class='ocrx_word' id='word_1_432' title='bbox 673 4012 774 4067; x_wconf 82' lang='grc' dir='ltr'>καὶ</span> <span class='ocrx_word' id='word_1_433' title='bbox 827 4013 1052 4083; x_wconf 81' lang='grc' dir='ltr'>δοθῆναι</span> <span class='ocrx_word' id='word_1_434' title='bbox 1091 4015 1157 4084; x_wconf 79' lang='grc' dir='ltr'>τῇ</span> <span class='ocrx_word' id='word_1_435' title='bbox 1212 4010 1307 4066; x_wconf 79' lang='grc' dir='ltr'>τοῦ</span> <span class='ocrx_word' id='word_1_436' title='bbox 1355 4012 1621 4085; x_wconf 87' lang='grc' dir='ltr'>βασιλέως</span> <span class='ocrx_word' id='word_1_437' title='bbox 1668 4012 1864 4085; x_wconf 78' lang='grc' dir='ltr'>μητρίο</span> 
     </span>
    </p>
   </div>
   <div class='ocr_carea' id='block_1_60' title="bbox 276 4106 1868 4179">
    <p class='ocr_par' dir='ltr' id='par_1_60' title="bbox 276 4106 1868 4179">
     <span class='ocr_line' id='line_1_60' title="bbox 276 4106 1868 4179; baseline -0.002 -16"><span class='ocrx_word' id='word_1_438' title='bbox 276 4111 377 4179; x_wconf 81' lang='grc' dir='ltr'>τῆς</span> <span class='ocrx_word' id='word_1_439' title='bbox 422 4108 480 4161; x_wconf 74' lang='grc' dir='ltr'>δὲ</span> <span class='ocrx_word' id='word_1_440' title='bbox 533 4108 608 4178; x_wconf 82' lang='grc' dir='ltr'>μὴ</span> <span class='ocrx_word' id='word_1_441' title='bbox 656 4106 1027 4177; x_wconf 75' lang='grc' dir='ltr'>προσιεμένης</span> <span class='ocrx_word' id='word_1_442' title='bbox 1066 4106 1128 4160; x_wconf 81' lang='grc' dir='ltr'>τὸ</span> <span class='ocrx_word' id='word_1_443' title='bbox 1166 4106 1646 4178; x_wconf 74' lang='grc' dir='ltr'>προσφερόμενον,</span> <span class='ocrx_word' id='word_1_444' title='bbox 1697 4108 1868 4176; x_wconf 87' lang='grc' dir='ltr'>φάναι</span> 
     </span>
    </p>
   </div>
   <div class='ocr_carea' id='block_1_61' title="bbox 283 4199 1870 4273">
    <p class='ocr_par' dir='ltr' id='par_1_61' title="bbox 283 4199 1870 4273">
     <span class='ocr_line' id='line_1_61' title="bbox 283 4199 1870 4273; baseline -0.003 -17"><span class='ocrx_word' id='word_1_445' title='bbox 283 4203 380 4271; x_wconf 83' lang='grc' dir='ltr'>τὴν</span> <span class='ocrx_word' id='word_1_446' title='bbox 424 4202 705 4273; x_wconf 84' lang='grc' dir='ltr'>περιφανῆ</span> <span class='ocrx_word' id='word_1_447' title='bbox 755 4202 992 4269; x_wconf 83' lang='grc' dir='ltr'>γυναῖκα</span> <span class='ocrx_word' id='word_1_448' title='bbox 1040 4200 1298 4270; x_wconf 75' lang='grc' dir='ltr'>ἐκείνην·</span> <span class='ocrx_word' id='word_1_449' title='bbox 1340 4199 1404 4254; x_wconf 87' lang='lat'><strong>&#39;0</strong></span> <span class='ocrx_word' id='word_1_450' title='bbox 1453 4199 1523 4254; x_wconf 81' lang='grc' dir='ltr'>δὲ</span> <span class='ocrx_word' id='word_1_451' title='bbox 1570 4199 1684 4267; x_wconf 86' lang='grc' dir='ltr'>σὸς</span> <span class='ocrx_word' id='word_1_452' title='bbox 1737 4199 1870 4264; x_wconf 76' lang='grc' dir='ltr'><strong>υἱὸς</strong></span> 
     </span>
    </p>
   </div>
   <div class='ocr_carea' id='block_1_62' title="bbox 280 4291 1869 4363">
    <p class='ocr_par' dir='ltr' id='par_1_62' title="bbox 280 4291 1869 4363">
     <span class='ocr_line' id='line_1_62' title="bbox 280 4291 1869 4363; baseline -0.001 -14"><span class='ocrx_word' id='word_1_453' title='bbox 280 4294 423 4360; x_wconf 84' lang='grc' dir='ltr'>τοὺς</span> <span class='ocrx_word' id='word_1_454' title='bbox 466 4292 574 4363; x_wconf 80' lang='grc' dir='ltr'><strong>ἐμὲ</strong></span> <span class='ocrx_word' id='word_1_455' title='bbox 613 4292 909 4362; x_wconf 82' lang='grc' dir='ltr'>τιμῶντας</span> <span class='ocrx_word' id='word_1_456' title='bbox 937 4291 1203 4363; x_wconf 71' lang='grc' dir='ltr'>αἷμάτων</span> <span class='ocrx_word' id='word_1_457' title='bbox 1234 4292 1599 4363; x_wconf 74' lang='grc' dir='ltr'>ἐμπίπλησι,</span> <span class='ocrx_word' id='word_1_458' title='bbox 1629 4292 1728 4347; x_wconf 81' lang='grc' dir='ltr'>καὶ</span> <span class='ocrx_word' id='word_1_459' title='bbox 1762 4293 1869 4347; x_wconf 79' lang='grc' dir='ltr'><strong>τὸν</strong></span> 
     </span>
    </p>
   </div>
   <div class='ocr_carea' id='block_1_63' title="bbox 286 4384 1864 4455">
    <p class='ocr_par' dir='ltr' id='par_1_63' title="bbox 286 4384 1864 4455">
     <span class='ocr_line' id='line_1_63' title="bbox 286 4384 1864 4455; baseline -0.003 -12"><span class='ocrx_word' id='word_1_460' title='bbox 286 4388 436 4443; x_wconf 81' lang='grc' dir='ltr'><strong>Θεὸν</strong></span> <span class='ocrx_word' id='word_1_461' title='bbox 460 4387 558 4441; x_wconf 75' lang='grc' dir='ltr'><strong>καὶ</strong></span> <span class='ocrx_word' id='word_1_462' title='bbox 593 4388 729 4440; x_wconf 75' lang='grc' dir='ltr'><strong>Υιόν</strong></span> <span class='ocrx_word' id='word_1_463' title='bbox 755 4403 877 4454; x_wconf 83' lang='grc' dir='ltr'><strong>μου</strong></span> <span class='ocrx_word' id='word_1_464' title='bbox 902 4388 989 4453; x_wconf 78' lang='grc' dir='ltr'><strong>εις</strong></span> <span class='ocrx_word' id='word_1_465' title='bbox 1029 4384 1450 4455; x_wconf 70' lang='grc' dir='ltr'>ὀργὴν-κινῶν,</span> <span class='ocrx_word' id='word_1_466' title='bbox 1484 4386 1558 4440; x_wconf 83' lang='grc' dir='ltr'>οὐ</span> <span class='ocrx_word' id='word_1_467' title='bbox 1588 4385 1864 4453; x_wconf 78' lang='grc' dir='ltr'>συνίησι.</span> 
     </span>
    </p>
   </div>
   <div class='ocr_carea' id='block_1_64' title="bbox 1964 1893 3553 1969">
    <p class='ocr_par' dir='ltr' id='par_1_64' title="bbox 1964 1893 3553 1969">
     <span class='ocr_line' id='line_1_64' title="bbox 1964 1893 3553 1969; baseline 0 -21"><span class='ocrx_word' id='word_1_468' title='bbox 1964 1893 2203 1948; x_wconf 79' lang='lat' dir='ltr'><strong>ferarum</strong></span> <span class='ocrx_word' id='word_1_469' title='bbox 2243 1908 2551 1963; x_wconf 59' lang='lat' dir='ltr'><strong>expressa},</strong></span> <span class='ocrx_word' id='word_1_470' title='bbox 2583 1902 2751 1964; x_wconf 88' lang='lat' dir='ltr'><strong>atque</strong></span> <span class='ocrx_word' id='word_1_471' title='bbox 2799 1893 2944 1948; x_wconf 88' lang='lat' dir='ltr'><strong>inter</strong></span> <span class='ocrx_word' id='word_1_472' title='bbox 2980 1903 3206 1948; x_wconf 78' lang='lat' dir='ltr'><strong>caeteras</strong></span> <span class='ocrx_word' id='word_1_473' title='bbox 3254 1895 3553 1969; x_wconf 87' lang='lat' dir='ltr'><strong>leo_etiam</strong></span> 
     </span>
    </p>
   </div>
   <div class='ocr_carea' id='block_1_65' title="bbox 1962 1984 3553 2057">
    <p class='ocr_par' dir='ltr' id='par_1_65' title="bbox 1962 1984 3553 2057">
     <span class='ocr_line' id='line_1_65' title="bbox 1962 1984 3553 2057; baseline 0.004 -19"><span class='ocrx_word' id='word_1_474' title='bbox 1962 1984 2077 2040; x_wconf 81' lang='lat' dir='ltr'><strong>fera</strong></span> <span class='ocrx_word' id='word_1_475' title='bbox 2135 1985 2247 2040; x_wconf 90' lang='lat' dir='ltr'><strong>illic</strong></span> <span class='ocrx_word' id='word_1_476' title='bbox 2298 1985 2512 2054; x_wconf 89' lang='lat' dir='ltr'><strong>pictus,</strong></span> <span class='ocrx_word' id='word_1_477' title='bbox 2558 1985 2746 2040; x_wconf 86' lang='lat' dir='ltr'><strong>littera</strong></span> <span class='ocrx_word' id='word_1_478' title='bbox 2791 2003 2825 2055; x_wconf 84' lang='grc' dir='ltr'><strong>χ</strong></span> <span class='ocrx_word' id='word_1_479' title='bbox 2859 1993 3013 2054; x_wconf 81' lang='lat' dir='ltr'><strong>tergo</strong></span> <span class='ocrx_word' id='word_1_480' title='bbox 3057 1986 3179 2056; x_wconf 86' lang='lat' dir='ltr'><strong>ejus</strong></span> <span class='ocrx_word' id='word_1_481' title='bbox 3225 1984 3553 2057; x_wconf 86' lang='lat' dir='ltr'><strong>insculpta:</strong></span> 
     </span>
    </p>
   </div>
   <div class='ocr_carea' id='block_1_66' title="bbox 1962 2075 3554 2148">
    <p class='ocr_par' dir='ltr' id='par_1_66' title="bbox 1962 2075 3554 2148">
     <span class='ocr_line' id='line_1_66' title="bbox 1962 2075 3554 2148; baseline 0.002 -18"><span class='ocrx_word' id='word_1_482' title='bbox 1962 2090 2107 2146; x_wconf 86' lang='lat' dir='ltr'><strong>pone</strong></span> <span class='ocrx_word' id='word_1_483' title='bbox 2142 2075 2379 2132; x_wconf 76' lang='lat' dir='ltr'><strong>bestiam</strong></span> <span class='ocrx_word' id='word_1_484' title='bbox 2412 2078 2496 2131; x_wconf 88' lang='lat' dir='ltr'><strong>vir</strong></span> <span class='ocrx_word' id='word_1_485' title='bbox 2522 2078 2703 2132; x_wconf 86' lang='lat' dir='ltr'><strong>stabat</strong></span> <span class='ocrx_word' id='word_1_486' title='bbox 2726 2120 2740 2140; x_wconf 86' lang='lat'><strong>,</strong></span> <span class='ocrx_word' id='word_1_487' title='bbox 2797 2077 2896 2147; x_wconf 83' lang='lat' dir='ltr'><strong>qui</strong></span> <span class='ocrx_word' id='word_1_488' title='bbox 2938 2078 3155 2133; x_wconf 86' lang='lat' dir='ltr'><strong>leonem</strong></span> <span class='ocrx_word' id='word_1_489' title='bbox 3187 2093 3285 2148; x_wconf 89' lang='lat' dir='ltr'><strong>per</strong></span> <span class='ocrx_word' id='word_1_490' title='bbox 3315 2079 3554 2133; x_wconf 80' lang='lat' dir='ltr'><strong>medium</strong></span> 
     </span>
    </p>
   </div>
   <div class='ocr_carea' id='block_1_67' title="bbox 1963 2168 3556 2241">
    <p class='ocr_par' dir='ltr' id='par_1_67' title="bbox 1963 2168 3556 2241">
     <span class='ocr_line' id='line_1_67' title="bbox 1963 2168 3556 2241; baseline 0.003 -20"><span class='ocrx_word' id='word_1_491' title='bbox 1963 2169 1998 2220; x_wconf 83' lang='lat' dir='ltr'><strong>X</strong></span> <span class='ocrx_word' id='word_1_492' title='bbox 2037 2168 2418 2223; x_wconf 80' lang='lat' dir='ltr'><strong>confodiebat.</strong></span> <span class='ocrx_word' id='word_1_493' title='bbox 2447 2168 2515 2223; x_wconf 90' lang='lat' dir='ltr'><strong>Et</strong></span> <span class='ocrx_word' id='word_1_494' title='bbox 2567 2169 2685 2224; x_wconf 74' lang='lat' dir='ltr'><strong>inec</strong></span> <span class='ocrx_word' id='word_1_495' title='bbox 2730 2169 2873 2224; x_wconf 89' lang='lat' dir='ltr'><strong>liber</strong></span> <span class='ocrx_word' id='word_1_496' title='bbox 2915 2170 3256 2233; x_wconf 84' lang='lat' dir='ltr'><strong>continebat,</strong></span> <span class='ocrx_word' id='word_1_497' title='bbox 3305 2187 3428 2241; x_wconf 72' lang='lat' dir='ltr'><strong>qua:</strong></span> <span class='ocrx_word' id='word_1_498' title='bbox 3466 2173 3556 2225; x_wconf 82' lang='lat' dir='ltr'><strong>Si-</strong></span> 
     </span>
    </p>
   </div>
   <div class='ocr_carea' id='block_1_68' title="bbox 1964 2259 3556 2333">
    <p class='ocr_par' dir='ltr' id='par_1_68' title="bbox 1964 2259 3556 2333">
     <span class='ocr_line' id='line_1_68' title="bbox 1964 2259 3556 2333; baseline 0.002 -19"><span class='ocrx_word' id='word_1_499' title='bbox 1964 2259 2169 2331; x_wconf 79' lang='lat' dir='ltr'><strong>byllina</strong></span> <span class='ocrx_word' id='word_1_500' title='bbox 2193 2261 2417 2316; x_wconf 84' lang='lat' dir='ltr'><strong>oracula</strong></span> <span class='ocrx_word' id='word_1_501' title='bbox 2450 2261 2805 2330; x_wconf 85' lang='lat' dir='ltr'><strong>putabantur.</strong></span> <span class='ocrx_word' id='word_1_502' title='bbox 2840 2261 2973 2333; x_wconf 83' lang='lat' dir='ltr'><strong>Ejus</strong></span> <span class='ocrx_word' id='word_1_503' title='bbox 3006 2261 3235 2331; x_wconf 76' lang='lat' dir='ltr'><strong>pictura:</strong></span> <span class='ocrx_word' id='word_1_504' title='bbox 3258 2265 3556 2317; x_wconf 88' lang='lat' dir='ltr'><strong>obscurum</strong></span> 
     </span>
    </p>
   </div>
   <div class='ocr_carea' id='block_1_69' title="bbox 1964 2348 3558 2427">
    <p class='ocr_par' dir='ltr' id='par_1_69' title="bbox 1964 2348 3558 2427">
     <span class='ocr_line' id='line_1_69' title="bbox 1964 2348 3558 2427; baseline 0.003 -23"><span class='ocrx_word' id='word_1_505' title='bbox 1964 2348 2314 2406; x_wconf 78' lang='lat' dir='ltr'><strong>involucrum</strong></span> <span class='ocrx_word' id='word_1_506' title='bbox 2380 2360 2626 2427; x_wconf 64' lang='lat' dir='ltr'><strong>quaestor</strong></span> <span class='ocrx_word' id='word_1_507' title='bbox 2694 2351 2844 2406; x_wconf 82' lang='lat' dir='ltr'><strong>illius</strong></span> <span class='ocrx_word' id='word_1_508' title='bbox 2915 2351 3183 2423; x_wconf 89' lang='lat' dir='ltr'><strong>temporis</strong></span> <span class='ocrx_word' id='word_1_509' title='bbox 3253 2353 3558 2423; x_wconf 82' lang='lat' dir='ltr'><strong>explicasse</strong></span> 
     </span>
    </p>
   </div>
   <div class='ocr_carea' id='block_1_70' title="bbox 1962 2438 3558 2510">
    <p class='ocr_par' dir='ltr' id='par_1_70' title="bbox 1962 2438 3558 2510">
     <span class='ocr_line' id='line_1_70' title="bbox 1962 2438 3558 2510; baseline 0.002 -16"><span class='ocrx_word' id='word_1_510' title='bbox 1962 2438 2163 2503; x_wconf 78' lang='lat' dir='ltr'><strong>fertur,</strong></span> <span class='ocrx_word' id='word_1_511' title='bbox 2190 2449 2247 2494; x_wconf 90' lang='lat' dir='ltr'><strong>et</strong></span> <span class='ocrx_word' id='word_1_512' title='bbox 2268 2439 2472 2495; x_wconf 76' lang='lat' dir='ltr'><strong>dixisse</strong></span> <span class='ocrx_word' id='word_1_513' title='bbox 2507 2440 2895 2510; x_wconf 88' lang='lat' dir='ltr'><strong>imperatorem</strong></span> <span class='ocrx_word' id='word_1_514' title='bbox 2920 2442 3007 2496; x_wconf 85' lang='lat' dir='ltr'><strong>die</strong></span> <span class='ocrx_word' id='word_1_515' title='bbox 3039 2441 3353 2497; x_wconf 85' lang='lat' dir='ltr'><strong>Nativitatis</strong></span> <span class='ocrx_word' id='word_1_516' title='bbox 3395 2444 3558 2497; x_wconf 70' lang='lat' dir='ltr'><strong>(thri-</strong></span> 
     </span>
    </p>
   </div>
   <div class='ocr_carea' id='block_1_71' title="bbox 1963 2533 3556 2604">
    <p class='ocr_par' dir='ltr' id='par_1_71' title="bbox 1963 2533 3556 2604">
     <span class='ocr_line' id='line_1_71' title="bbox 1963 2533 3556 2604; baseline 0.001 -17"><span class='ocrx_word' id='word_1_517' title='bbox 1963 2533 2031 2587; x_wconf 90' lang='lat' dir='ltr'><strong>sti</strong></span> <span class='ocrx_word' id='word_1_518' title='bbox 2068 2533 2314 2589; x_wconf 90' lang='lat' dir='ltr'><strong>occisum</strong></span> <span class='ocrx_word' id='word_1_519' title='bbox 2359 2533 2427 2587; x_wconf 90' lang='lat' dir='ltr'><strong>iri</strong></span> <span class='ocrx_word' id='word_1_520' title='bbox 2465 2550 2480 2587; x_wconf 88' lang='lat'><strong>:</strong></span> <span class='ocrx_word' id='word_1_521' title='bbox 2520 2548 2647 2587; x_wconf 87' lang='lat' dir='ltr'><strong>nam</strong></span> <span class='ocrx_word' id='word_1_522' title='bbox 2697 2533 2870 2587; x_wconf 78' lang='lat' dir='ltr'><strong>feram</strong></span> <span class='ocrx_word' id='word_1_523' title='bbox 2923 2533 3237 2604; x_wconf 75' lang='lat' dir='ltr'><strong>signiﬁcare</strong></span> <span class='ocrx_word' id='word_1_524' title='bbox 3292 2534 3556 2600; x_wconf 81' lang='lat' dir='ltr'><strong>Leonem,</strong></span> 
     </span>
    </p>
   </div>
   <div class='ocr_carea' id='block_1_72' title="bbox 1962 2623 3560 2696">
    <p class='ocr_par' dir='ltr' id='par_1_72' title="bbox 1962 2623 3560 2696">
     <span class='ocr_line' id='line_1_72' title="bbox 1962 2623 3560 2696; baseline 0.001 -19"><span class='ocrx_word' id='word_1_525' title='bbox 1962 2623 2203 2679; x_wconf 88' lang='lat' dir='ltr'><strong>litteram</strong></span> <span class='ocrx_word' id='word_1_526' title='bbox 2252 2643 2286 2695; x_wconf 89' lang='grc' dir='ltr'><strong>χ</strong></span> <span class='ocrx_word' id='word_1_527' title='bbox 2335 2625 2483 2680; x_wconf 88' lang='lat' dir='ltr'><strong>diem</strong></span> <span class='ocrx_word' id='word_1_528' title='bbox 2533 2625 2689 2679; x_wconf 90' lang='lat' dir='ltr'><strong>illum</strong></span> <span class='ocrx_word' id='word_1_529' title='bbox 2735 2625 3008 2686; x_wconf 85' lang='lat' dir='ltr'><strong>innuere,</strong></span> <span class='ocrx_word' id='word_1_530' title='bbox 3055 2634 3112 2679; x_wconf 88' lang='lat' dir='ltr'><strong>et</strong></span> <span class='ocrx_word' id='word_1_531' title='bbox 3153 2625 3282 2696; x_wconf 88' lang='lat' dir='ltr'><strong>quia</strong></span> <span class='ocrx_word' id='word_1_532' title='bbox 3313 2639 3412 2695; x_wconf 91' lang='lat' dir='ltr'><strong>per</strong></span> <span class='ocrx_word' id='word_1_533' title='bbox 3442 2641 3560 2679; x_wconf 85' lang='lat' dir='ltr'><strong>me-</strong></span> 
     </span>
    </p>
   </div>
   <div class='ocr_carea' id='block_1_73' title="bbox 1965 2716 3556 2787">
    <p class='ocr_par' dir='ltr' id='par_1_73' title="bbox 1965 2716 3556 2787">
     <span class='ocr_line' id='line_1_73' title="bbox 1965 2716 3556 2787; baseline 0.003 -18"><span class='ocrx_word' id='word_1_534' title='bbox 1965 2716 2116 2770; x_wconf 89' lang='lat' dir='ltr'><strong>dium</strong></span> <span class='ocrx_word' id='word_1_535' title='bbox 2149 2734 2181 2787; x_wconf 87' lang='grc' dir='ltr'><strong>χ</strong></span> <span class='ocrx_word' id='word_1_536' title='bbox 2217 2716 2370 2772; x_wconf 89' lang='lat' dir='ltr'><strong>basta</strong></span> <span class='ocrx_word' id='word_1_537' title='bbox 2404 2717 2459 2772; x_wconf 92' lang='lat' dir='ltr'><strong>in</strong></span> <span class='ocrx_word' id='word_1_538' title='bbox 2506 2718 2720 2772; x_wconf 88' lang='lat' dir='ltr'><strong>leonem</strong></span> <span class='ocrx_word' id='word_1_539' title='bbox 2768 2716 3091 2787; x_wconf 81' lang='lat' dir='ltr'><strong>inﬁgeretur</strong></span> <span class='ocrx_word' id='word_1_540' title='bbox 3114 2757 3128 2782; x_wconf 92' lang='lat'><strong>,</strong></span> <span class='ocrx_word' id='word_1_541' title='bbox 3166 2718 3556 2787; x_wconf 78' lang='lat' dir='ltr'><strong>imperatorem</strong></span> 
     </span>
    </p>
   </div>
   <div class='ocr_carea' id='block_1_74' title="bbox 1964 2810 3559 2881">
    <p class='ocr_par' dir='ltr' id='par_1_74' title="bbox 1964 2810 3559 2881">
     <span class='ocr_line' id='line_1_74' title="bbox 1964 2810 3559 2881; baseline 0 -15"><span class='ocrx_word' id='word_1_542' title='bbox 1964 2825 2032 2866; x_wconf 90' lang='lat' dir='ltr'><strong>eo</strong></span> <span class='ocrx_word' id='word_1_543' title='bbox 2064 2811 2155 2866; x_wconf 90' lang='lat' dir='ltr'><strong>die</strong></span> <span class='ocrx_word' id='word_1_544' title='bbox 2190 2811 2435 2865; x_wconf 89' lang='lat' dir='ltr'><strong>occisum</strong></span> <span class='ocrx_word' id='word_1_545' title='bbox 2482 2812 2572 2866; x_wconf 91' lang='lat' dir='ltr'><strong>iri.</strong></span> <span class='ocrx_word' id='word_1_546' title='bbox 2622 2810 2748 2866; x_wconf 74' lang='lat' dir='ltr'><strong>lla-0</strong></span> <span class='ocrx_word' id='word_1_547' title='bbox 2781 2810 3178 2881; x_wconf 80' lang='lat' dir='ltr'><strong>imperatorem</strong></span> <span class='ocrx_word' id='word_1_548' title='bbox 3215 2811 3559 2876; x_wconf 90' lang='lat' dir='ltr'><strong>turbabant,</strong></span> 
     </span>
    </p>
   </div>
   <div class='ocr_carea' id='block_1_75' title="bbox 1966 2902 3560 2959">
    <p class='ocr_par' dir='ltr' id='par_1_75' title="bbox 1966 2902 3560 2959">
     <span class='ocr_line' id='line_1_75' title="bbox 1966 2902 3560 2959; baseline 0.001 -2"><span class='ocrx_word' id='word_1_549' title='bbox 1966 2918 2070 2958; x_wconf 87' lang='lat' dir='ltr'><strong>nec</strong></span> <span class='ocrx_word' id='word_1_550' title='bbox 2109 2903 2292 2959; x_wconf 88' lang='lat' dir='ltr'><strong>minus</strong></span> <span class='ocrx_word' id='word_1_551' title='bbox 2322 2903 2518 2958; x_wconf 84' lang='lat' dir='ltr'><strong>matris</strong></span> <span class='ocrx_word' id='word_1_552' title='bbox 2566 2902 2808 2958; x_wconf 84' lang='lat' dir='ltr'><strong>terrebat</strong></span> <span class='ocrx_word' id='word_1_553' title='bbox 2855 2902 3217 2957; x_wconf 84' lang='lat' dir='ltr'><strong>insomnium.</strong></span> <span class='ocrx_word' id='word_1_554' title='bbox 3252 2902 3560 2959; x_wconf 84' lang='lat' dir='ltr'><strong>Videbatur</strong></span> 
     </span>
    </p>
   </div>
   <div class='ocr_carea' id='block_1_76' title="bbox 1968 2993 3563 3064">
    <p class='ocr_par' dir='ltr' id='par_1_76' title="bbox 1968 2993 3563 3064">
     <span class='ocr_line' id='line_1_76' title="bbox 1968 2993 3563 3064; baseline 0 -17"><span class='ocrx_word' id='word_1_555' title='bbox 1968 2994 2059 3048; x_wconf 85' lang='lat' dir='ltr'><strong>illa</strong></span> <span class='ocrx_word' id='word_1_556' title='bbox 2108 2993 2212 3049; x_wconf 89' lang='lat' dir='ltr'><strong>sibi</strong></span> <span class='ocrx_word' id='word_1_557' title='bbox 2265 2996 2318 3050; x_wconf 91' lang='lat' dir='ltr'><strong>in</strong></span> <span class='ocrx_word' id='word_1_558' title='bbox 2364 2994 2481 3050; x_wconf 76' lang='lat' dir='ltr'><strong>aede</strong></span> <span class='ocrx_word' id='word_1_559' title='bbox 2531 2995 2781 3064; x_wconf 66' lang='lat' dir='ltr'><strong>Deiparze</strong></span> <span class='ocrx_word' id='word_1_560' title='bbox 2834 2993 3237 3049; x_wconf 89' lang='lat' dir='ltr'><strong>Blacherniana</strong></span> <span class='ocrx_word' id='word_1_561' title='bbox 3298 3010 3445 3059; x_wconf 90' lang='lat' dir='ltr'><strong>esse,</strong></span> <span class='ocrx_word' id='word_1_562' title='bbox 3504 3002 3563 3048; x_wconf 85' lang='lat' dir='ltr'><strong>et</strong></span> 
     </span>
    </p>
   </div>
   <div class='ocr_carea' id='block_1_77' title="bbox 1967 3084 3562 3155">
    <p class='ocr_par' dir='ltr' id='par_1_77' title="bbox 1967 3084 3562 3155">
     <span class='ocr_line' id='line_1_77' title="bbox 1967 3084 3562 3155; baseline 0.001 -16"><span class='ocrx_word' id='word_1_563' title='bbox 1967 3099 2195 3139; x_wconf 85' lang='lat' dir='ltr'><strong>cernere</strong></span> <span class='ocrx_word' id='word_1_564' title='bbox 2246 3095 2552 3139; x_wconf 80' lang='lat' dir='ltr'><strong>matronam</strong></span> <span class='ocrx_word' id='word_1_565' title='bbox 2592 3084 2927 3154; x_wconf 86' lang='lat' dir='ltr'><strong>quamdam,</strong></span> <span class='ocrx_word' id='word_1_566' title='bbox 2971 3100 3133 3155; x_wconf 88' lang='lat' dir='ltr'><strong>quam</strong></span> <span class='ocrx_word' id='word_1_567' title='bbox 3178 3084 3562 3141; x_wconf 79' lang='lat' dir='ltr'><strong>adolescentrs</strong></span> 
     </span>
    </p>
   </div>
   <div class='ocr_carea' id='block_1_78' title="bbox 1970 3177 3563 3240">
    <p class='ocr_par' dir='ltr' id='par_1_78' title="bbox 1970 3177 3563 3240">
     <span class='ocr_line' id='line_1_78' title="bbox 1970 3177 3563 3240; baseline 0.001 -8"><span class='ocrx_word' id='word_1_568' title='bbox 1970 3177 2220 3233; x_wconf 77' lang='lat' dir='ltr'><strong>candidis</strong></span> <span class='ocrx_word' id='word_1_569' title='bbox 2249 3178 2427 3233; x_wconf 86' lang='lat' dir='ltr'><strong>induti</strong></span> <span class='ocrx_word' id='word_1_570' title='bbox 2463 3178 2709 3232; x_wconf 85' lang='lat' dir='ltr'><strong>vestibus</strong></span> <span class='ocrx_word' id='word_1_571' title='bbox 2733 3178 3172 3240; x_wconf 82' lang='lat' dir='ltr'><strong>comitarentur,</strong></span> <span class='ocrx_word' id='word_1_572' title='bbox 3203 3186 3258 3232; x_wconf 89' lang='lat' dir='ltr'><strong>et</strong></span> <span class='ocrx_word' id='word_1_573' title='bbox 3306 3177 3441 3233; x_wconf 75' lang='lat' dir='ltr'><strong>:edis</strong></span> <span class='ocrx_word' id='word_1_574' title='bbox 3472 3191 3563 3233; x_wconf 79' lang='lat' dir='ltr'><strong>so-</strong></span> 
     </span>
    </p>
   </div>
   <div class='ocr_carea' id='block_1_79' title="bbox 1969 3269 3561 3341">
    <p class='ocr_par' dir='ltr' id='par_1_79' title="bbox 1969 3269 3561 3341">
     <span class='ocr_line' id='line_1_79' title="bbox 1969 3269 3561 3341; baseline -0.001 -15"><span class='ocrx_word' id='word_1_575' title='bbox 1969 3272 2083 3326; x_wconf 90' lang='lat' dir='ltr'><strong>lum</strong></span> <span class='ocrx_word' id='word_1_576' title='bbox 2135 3269 2407 3341; x_wconf 80' lang='lat' dir='ltr'><strong>sanguine</strong></span> <span class='ocrx_word' id='word_1_577' title='bbox 2454 3270 2816 3335; x_wconf 72' lang='lat' dir='ltr'><strong>redundare,</strong></span> <span class='ocrx_word' id='word_1_578' title='bbox 2877 3271 3183 3340; x_wconf 88' lang='lat' dir='ltr'><strong>audireque</strong></span> <span class='ocrx_word' id='word_1_579' title='bbox 3250 3280 3561 3329; x_wconf 83' lang='lat' dir='ltr'><strong>matronam</strong></span> 
     </span>
    </p>
   </div>
   <div class='ocr_carea' id='block_1_80' title="bbox 1972 3364 3563 3436">
    <p class='ocr_par' dir='ltr' id='par_1_80' title="bbox 1972 3364 3563 3436">
     <span class='ocr_line' id='line_1_80' title="bbox 1972 3364 3563 3436; baseline 0 -17"><span class='ocrx_word' id='word_1_580' title='bbox 1972 3365 2121 3420; x_wconf 89' lang='lat' dir='ltr'><strong>illam</strong></span> <span class='ocrx_word' id='word_1_581' title='bbox 2152 3365 2347 3436; x_wconf 86' lang='lat' dir='ltr'><strong>jubere</strong></span> <span class='ocrx_word' id='word_1_582' title='bbox 2375 3364 2493 3419; x_wconf 87' lang='lat' dir='ltr'><strong>dari</strong></span> <span class='ocrx_word' id='word_1_583' title='bbox 2526 3364 2683 3419; x_wconf 87' lang='lat' dir='ltr'><strong>matri</strong></span> <span class='ocrx_word' id='word_1_584' title='bbox 2719 3364 3072 3434; x_wconf 86' lang='lat' dir='ltr'><strong>imperatoris</strong></span> <span class='ocrx_word' id='word_1_585' title='bbox 3103 3378 3198 3417; x_wconf 87' lang='lat' dir='ltr'><strong>vas</strong></span> <span class='ocrx_word' id='word_1_586' title='bbox 3238 3377 3307 3419; x_wconf 90' lang='lat' dir='ltr'><strong>eo</strong></span> <span class='ocrx_word' id='word_1_587' title='bbox 3335 3364 3563 3435; x_wconf 76' lang='lat' dir='ltr'><strong>sangui-</strong></span> 
     </span>
    </p>
   </div>
   <div class='ocr_carea' id='block_1_81' title="bbox 1969 3457 3554 3528">
    <p class='ocr_par' dir='ltr' id='par_1_81' title="bbox 1969 3457 3554 3528">
     <span class='ocr_line' id='line_1_81' title="bbox 1969 3457 3554 3528; baseline 0.001 -14"><span class='ocrx_word' id='word_1_588' title='bbox 1969 3473 2042 3514; x_wconf 88' lang='lat' dir='ltr'><strong>ne</strong></span> <span class='ocrx_word' id='word_1_589' title='bbox 2098 3458 2353 3528; x_wconf 84' lang='lat' dir='ltr'><strong>plenum,</strong></span> <span class='ocrx_word' id='word_1_590' title='bbox 2396 3472 2519 3527; x_wconf 81' lang='lat' dir='ltr'><strong>quae</strong></span> <span class='ocrx_word' id='word_1_591' title='bbox 2580 3473 2706 3512; x_wconf 90' lang='lat' dir='ltr'><strong>cum</strong></span> <span class='ocrx_word' id='word_1_592' title='bbox 2762 3457 2815 3512; x_wconf 91' lang='lat' dir='ltr'><strong>id</strong></span> <span class='ocrx_word' id='word_1_593' title='bbox 2886 3458 3309 3523; x_wconf 85' lang='lat' dir='ltr'><strong>adversaretur,</strong></span> <span class='ocrx_word' id='word_1_594' title='bbox 3364 3459 3554 3515; x_wconf 86' lang='lat' dir='ltr'><strong>dicere</strong></span> 
     </span>
    </p>
   </div>
   <div class='ocr_carea' id='block_1_82' title="bbox 1971 3540 3565 3625">
    <p class='ocr_par' dir='ltr' id='par_1_82' title="bbox 1971 3540 3565 3625">
     <span class='ocr_line' id='line_1_82' title="bbox 1971 3540 3565 3625; baseline 0.002 -19"><span class='ocrx_word' id='word_1_595' title='bbox 1971 3552 2242 3607; x_wconf 89' lang='lat' dir='ltr'><strong>illustrem</strong></span> <span class='ocrx_word' id='word_1_596' title='bbox 2291 3540 2440 3605; x_wconf 81' lang='lat' dir='ltr'><strong>illam</strong></span> <span class='ocrx_word' id='word_1_597' title='bbox 2484 3561 2792 3607; x_wconf 89' lang='lat' dir='ltr'><strong>matronam</strong></span> <span class='ocrx_word' id='word_1_598' title='bbox 2822 3568 2838 3611; x_wconf 86' lang='lat'><strong>:</strong></span> <span class='ocrx_word' id='word_1_599' title='bbox 2868 3552 2938 3606; x_wconf 84' lang='lat' dir='ltr'><strong>At</strong></span> <span class='ocrx_word' id='word_1_600' title='bbox 2978 3553 3127 3622; x_wconf 79' lang='lat' dir='ltr'><strong>[ilius</strong></span> <span class='ocrx_word' id='word_1_601' title='bbox 3173 3563 3295 3609; x_wconf 82' lang='lat' dir='ltr'><strong>tuus</strong></span> <span class='ocrx_word' id='word_1_602' title='bbox 3343 3570 3431 3610; x_wconf 78' lang='lat' dir='ltr'><strong>eos</strong></span> <span class='ocrx_word' id='word_1_603' title='bbox 3472 3556 3565 3625; x_wconf 85' lang='lat' dir='ltr'><strong>qui</strong></span> 
     </span>
    </p>
   </div>
   <div class='ocr_carea' id='block_1_83' title="bbox 1972 3645 3564 3717">
    <p class='ocr_par' dir='ltr' id='par_1_83' title="bbox 1972 3645 3564 3717">
     <span class='ocr_line' id='line_1_83' title="bbox 1972 3645 3564 3717; baseline 0.003 -20"><span class='ocrx_word' id='word_1_604' title='bbox 1972 3660 2055 3698; x_wconf 85' lang='lat' dir='ltr'><strong>me</strong></span> <span class='ocrx_word' id='word_1_605' title='bbox 2082 3652 2427 3706; x_wconf 83' lang='lat' dir='ltr'><strong>venerantur,</strong></span> <span class='ocrx_word' id='word_1_606' title='bbox 2455 3646 2719 3715; x_wconf 84' lang='lat' dir='ltr'><strong>sanguine</strong></span> <span class='ocrx_word' id='word_1_607' title='bbox 2747 3646 2954 3715; x_wconf 79' lang='lat' dir='ltr'><strong>implet,</strong></span> <span class='ocrx_word' id='word_1_608' title='bbox 2982 3663 3152 3717; x_wconf 82' lang='lat' dir='ltr'><strong>neque</strong></span> <span class='ocrx_word' id='word_1_609' title='bbox 3178 3645 3428 3717; x_wconf 79' lang='lat' dir='ltr'><strong>intelligi!</strong></span> <span class='ocrx_word' id='word_1_610' title='bbox 3448 3686 3465 3712; x_wconf 93' lang='lat'><strong>,</strong></span> <span class='ocrx_word' id='word_1_611' title='bbox 3505 3663 3564 3702; x_wconf 75' lang='lat' dir='ltr'><strong>te</strong></span> 
     </span>
    </p>
   </div>
   <div class='ocr_carea' id='block_1_84' title="bbox 1970 3733 3562 3794">
    <p class='ocr_par' dir='ltr' id='par_1_84' title="bbox 1970 3733 3562 3794">
     <span class='ocr_line' id='line_1_84' title="bbox 1970 3733 3562 3794; baseline 0.004 -6"><span class='ocrx_word' id='word_1_612' title='bbox 1970 3745 2019 3790; x_wconf 86' lang='lat' dir='ltr'><strong>et</strong></span> <span class='ocrx_word' id='word_1_613' title='bbox 2047 3733 2217 3788; x_wconf 78' lang='lat' dir='ltr'><strong>Deum</strong></span> <span class='ocrx_word' id='word_1_614' title='bbox 2252 3746 2305 3789; x_wconf 82' lang='lat' dir='ltr'><strong>et</strong></span> <span class='ocrx_word' id='word_1_615' title='bbox 2337 3733 2536 3789; x_wconf 78' lang='lat' dir='ltr'><strong>Filium</strong></span> <span class='ocrx_word' id='word_1_616' title='bbox 2567 3752 2738 3790; x_wconf 83' lang='lat' dir='ltr'><strong>meum</strong></span> <span class='ocrx_word' id='word_1_617' title='bbox 2778 3740 2849 3789; x_wconf 89' lang='lat' dir='ltr'><strong>ad</strong></span> <span class='ocrx_word' id='word_1_618' title='bbox 2870 3738 3012 3790; x_wconf 87' lang='lat' dir='ltr'><strong>iram</strong></span> <span class='ocrx_word' id='word_1_619' title='bbox 3046 3753 3390 3792; x_wconf 83' lang='lat' dir='ltr'><strong>commovere.</strong></span> <span class='ocrx_word' id='word_1_620' title='bbox 3434 3737 3562 3794; x_wconf 64' lang='lat' dir='ltr'><strong>Hau:</strong></span> 
     </span>
    </p>
   </div>
   <div class='ocr_carea' id='block_1_85' title="bbox 1971 3827 3561 3900">
    <p class='ocr_par' dir='ltr' id='par_1_85' title="bbox 1971 3827 3561 3900">
     <span class='ocr_line' id='line_1_85' title="bbox 1971 3827 3561 3900; baseline 0.001 -16"><span class='ocrx_word' id='word_1_621' title='bbox 1971 3828 2029 3884; x_wconf 88' lang='lat' dir='ltr'><strong>in</strong></span> <span class='ocrx_word' id='word_1_622' title='bbox 2078 3828 2292 3883; x_wconf 81' lang='lat' dir='ltr'><strong>somnis</strong></span> <span class='ocrx_word' id='word_1_623' title='bbox 2337 3827 2473 3883; x_wconf 89' lang='lat' dir='ltr'><strong>vidit</strong></span> <span class='ocrx_word' id='word_1_624' title='bbox 2521 3827 2726 3884; x_wconf 86' lang='lat' dir='ltr'><strong>Leonis</strong></span> <span class='ocrx_word' id='word_1_625' title='bbox 2773 3837 2979 3893; x_wconf 77' lang='lat' dir='ltr'><strong>mater,</strong></span> <span class='ocrx_word' id='word_1_626' title='bbox 3013 3828 3235 3900; x_wconf 83' lang='lat' dir='ltr'><strong>ﬁlioque</strong></span> <span class='ocrx_word' id='word_1_627' title='bbox 3279 3832 3561 3900; x_wconf 81' lang='lat' dir='ltr'><strong>exposuit,</strong></span> 
     </span>
    </p>
   </div>
   <div class='ocr_carea' id='block_1_86' title="bbox 1969 3918 3564 3991">
    <p class='ocr_par' dir='ltr' id='par_1_86' title="bbox 1969 3918 3564 3991">
     <span class='ocr_line' id='line_1_86' title="bbox 1969 3918 3564 3991; baseline 0.002 -17"><span class='ocrx_word' id='word_1_628' title='bbox 1969 3919 2271 3985; x_wconf 86' lang='lat' dir='ltr'><strong>obtestata,</strong></span> <span class='ocrx_word' id='word_1_629' title='bbox 2306 3918 2444 3975; x_wconf 88' lang='lat' dir='ltr'><strong>utin</strong></span> <span class='ocrx_word' id='word_1_630' title='bbox 2477 3918 2823 3974; x_wconf 75' lang='lat' dir='ltr'><strong>venerandae</strong></span> <span class='ocrx_word' id='word_1_631' title='bbox 2869 3919 3138 3991; x_wconf 82' lang='lat' dir='ltr'><strong>imagines</strong></span> <span class='ocrx_word' id='word_1_632' title='bbox 3170 3921 3366 3976; x_wconf 72' lang='lat' dir='ltr'><strong>saevire</strong></span> <span class='ocrx_word' id='word_1_633' title='bbox 3415 3921 3564 3977; x_wconf 85' lang='lat' dir='ltr'><strong>desi-</strong></span> 
     </span>
    </p>
   </div>
   <div class='ocr_carea' id='block_1_87' title="bbox 1971 4009 3561 4081">
    <p class='ocr_par' dir='ltr' id='par_1_87' title="bbox 1971 4009 3561 4081">
     <span class='ocr_line' id='line_1_87' title="bbox 1971 4009 3561 4081; baseline 0 -15"><span class='ocrx_word' id='word_1_634' title='bbox 1971 4017 2163 4066; x_wconf 88' lang='lat' dir='ltr'><strong>steret.</strong></span> <span class='ocrx_word' id='word_1_635' title='bbox 2222 4009 2330 4066; x_wconf 85' lang='lat' dir='ltr'><strong>Sed</strong></span> <span class='ocrx_word' id='word_1_636' title='bbox 2378 4010 2550 4065; x_wconf 87' lang='lat' dir='ltr'><strong>miser</strong></span> <span class='ocrx_word' id='word_1_637' title='bbox 2604 4009 2776 4065; x_wconf 87' lang='lat' dir='ltr'><strong>homo</strong></span> <span class='ocrx_word' id='word_1_638' title='bbox 2827 4009 3219 4069; x_wconf 88' lang='lat' dir='ltr'><strong>obsurduerat.</strong></span> <span class='ocrx_word' id='word_1_639' title='bbox 3274 4010 3561 4081; x_wconf 88' lang='lat' dir='ltr'><strong>Deumque</strong></span> 
     </span>
    </p>
   </div>
   <div class='ocr_carea' id='block_1_88' title="bbox 1970 4088 3560 4171">
    <p class='ocr_par' dir='ltr' id='par_1_88' title="bbox 1970 4088 3560 4171">
     <span class='ocr_line' id='line_1_88' title="bbox 1970 4088 3560 4171; baseline 0 -17"><span class='ocrx_word' id='word_1_640' title='bbox 1970 4088 2244 4156; x_wconf 72' lang='lat' dir='ltr'><strong>lacessere</strong></span> <span class='ocrx_word' id='word_1_641' title='bbox 2294 4099 2577 4171; x_wconf 77' lang='lat' dir='ltr'><strong>pergebat.</strong></span> <span class='ocrx_word' id='word_1_642' title='bbox 2618 4099 2717 4155; x_wconf 86' lang='lat' dir='ltr'><strong>Est</strong></span> <span class='ocrx_word' id='word_1_643' title='bbox 2760 4107 2819 4155; x_wconf 89' lang='lat' dir='ltr'><strong>et</strong></span> <span class='ocrx_word' id='word_1_644' title='bbox 2877 4111 3102 4155; x_wconf 86' lang='lat' dir='ltr'><strong>sanctus</strong></span> <span class='ocrx_word' id='word_1_645' title='bbox 3147 4099 3408 4154; x_wconf 86' lang='lat' dir='ltr'><strong>Tarasius</strong></span> <span class='ocrx_word' id='word_1_646' title='bbox 3448 4100 3560 4171; x_wconf 84' lang='lat' dir='ltr'><strong>jam</strong></span> 
     </span>
    </p>
   </div>
   <div class='ocr_carea' id='block_1_89' title="bbox 1970 4189 3562 4257">
    <p class='ocr_par' dir='ltr' id='par_1_89' title="bbox 1970 4189 3562 4257">
     <span class='ocr_line' id='line_1_89' title="bbox 1970 4189 3562 4257; baseline -0.001 -12"><span class='ocrx_word' id='word_1_647' title='bbox 1970 4206 2038 4245; x_wconf 80' lang='lat' dir='ltr'><strong>ex</strong></span> <span class='ocrx_word' id='word_1_648' title='bbox 2080 4191 2185 4247; x_wconf 90' lang='lat' dir='ltr'><strong>hac</strong></span> <span class='ocrx_word' id='word_1_649' title='bbox 2216 4207 2526 4247; x_wconf 69' lang='lat' dir='ltr'><strong>aerumnosa</strong></span> <span class='ocrx_word' id='word_1_650' title='bbox 2556 4191 2664 4247; x_wconf 89' lang='lat' dir='ltr'><strong>vita</strong></span> <span class='ocrx_word' id='word_1_651' title='bbox 2694 4191 3022 4257; x_wconf 90' lang='lat' dir='ltr'><strong>translatus,</strong></span> <span class='ocrx_word' id='word_1_652' title='bbox 3051 4191 3270 4246; x_wconf 81' lang='lat' dir='ltr'><strong>cuidam</strong></span> <span class='ocrx_word' id='word_1_653' title='bbox 3318 4189 3373 4245; x_wconf 91' lang='lat' dir='ltr'><strong>in</strong></span> <span class='ocrx_word' id='word_1_654' title='bbox 3412 4204 3562 4245; x_wconf 87' lang='lat' dir='ltr'><strong>som-</strong></span> 
     </span>
    </p>
   </div>
   <div class='ocr_carea' id='block_1_90' title="bbox 1972 4280 3560 4353">
    <p class='ocr_par' dir='ltr' id='par_1_90' title="bbox 1972 4280 3560 4353">
     <span class='ocr_line' id='line_1_90' title="bbox 1972 4280 3560 4353; baseline -0.003 -15"><span class='ocrx_word' id='word_1_655' title='bbox 1972 4283 2061 4338; x_wconf 85' lang='lat' dir='ltr'><strong>nis</strong></span> <span class='ocrx_word' id='word_1_656' title='bbox 2115 4283 2305 4349; x_wconf 86' lang='lat' dir='ltr'><strong>visus,</strong></span> <span class='ocrx_word' id='word_1_657' title='bbox 2351 4282 2446 4353; x_wconf 89' lang='lat' dir='ltr'><strong>qui</strong></span> <span class='ocrx_word' id='word_1_658' title='bbox 2496 4282 2819 4338; x_wconf 82' lang='lat' dir='ltr'><strong>Michaelem</strong></span> <span class='ocrx_word' id='word_1_659' title='bbox 2857 4280 3150 4352; x_wconf 85' lang='lat' dir='ltr'><strong>quemdam</strong></span> <span class='ocrx_word' id='word_1_660' title='bbox 3199 4281 3560 4346; x_wconf 72' lang='lat' dir='ltr'><strong>inclamaret,</strong></span> 
     </span>
    </p>
   </div>
   <div class='ocr_carea' id='block_1_91' title="bbox 1970 4369 3560 4444">
    <p class='ocr_par' dir='ltr' id='par_1_91' title="bbox 1970 4369 3560 4444">
     <span class='ocr_line' id='line_1_91' title="bbox 1970 4369 3560 4444; baseline -0.003 -14"><span class='ocrx_word' id='word_1_661' title='bbox 1970 4389 2208 4444; x_wconf 88' lang='lat' dir='ltr'><strong>eumque</strong></span> <span class='ocrx_word' id='word_1_662' title='bbox 2266 4374 2337 4429; x_wconf 89' lang='lat' dir='ltr'><strong>ad</strong></span> <span class='ocrx_word' id='word_1_663' title='bbox 2384 4373 2755 4429; x_wconf 87' lang='lat' dir='ltr'><strong>invadendum</strong></span> <span class='ocrx_word' id='word_1_664' title='bbox 2803 4381 2860 4428; x_wconf 86' lang='lat' dir='ltr'><strong>et</strong></span> <span class='ocrx_word' id='word_1_665' title='bbox 2904 4372 3267 4427; x_wconf 88' lang='lat' dir='ltr'><strong>occidendum</strong></span> <span class='ocrx_word' id='word_1_666' title='bbox 3324 4369 3560 4425; x_wconf 74' lang='lat' dir='ltr'><strong>Leonem</strong></span> 
     </span>
    </p>
   </div>
   <div class='ocr_carea' id='block_1_92' title="bbox 284 4454 1865 4550">
    <p class='ocr_par' dir='ltr' id='par_1_92' title="bbox 284 4454 1865 4550">
     <span class='ocr_line' id='line_1_92' title="bbox 284 4454 1865 4550; baseline -0.003 -16"><span class='ocrx_word' id='word_1_667' title='bbox 284 4479 475 4535; x_wconf 80' lang='grc' dir='ltr'>Ταῦτα</span> <span class='ocrx_word' id='word_1_668' title='bbox 522 4482 581 4533; x_wconf 77' lang='grc' dir='ltr'><strong>έν</strong></span> <span class='ocrx_word' id='word_1_669' title='bbox 619 4477 853 4548; x_wconf 80' lang='grc' dir='ltr'>ὀνείροις</span> <span class='ocrx_word' id='word_1_670' title='bbox 881 4473 1025 4531; x_wconf 82' lang='grc' dir='ltr'>εἶδεν</span> <span class='ocrx_word' id='word_1_671' title='bbox 1054 4479 1315 4550; x_wconf 80' lang='grc' dir='ltr'>ἡμητηρ</span> <span class='ocrx_word' id='word_1_672' title='bbox 1347 4477 1441 4531; x_wconf 83' lang='grc' dir='ltr'>τοῦ</span> <span class='ocrx_word' id='word_1_673' title='bbox 1489 4478 1740 4544; x_wconf 88' lang='grc' dir='ltr'>Λέοντος,</span> <span class='ocrx_word' id='word_1_674' title='bbox 1772 4479 1865 4532; x_wconf 74' lang='grc' dir='ltr'>καὶ</span> 
     </span>
    </p>
   </div>
   <div class='ocr_carea' id='block_1_93' title="bbox 1971 4454 3561 4550">
    <p class='ocr_par' dir='ltr' id='par_1_93' title="bbox 1972 4454 3561 4533">
     <span class='ocr_line' id='line_1_93' title="bbox 1972 4454 3561 4533; baseline -0.003 -13"><span class='ocrx_word' id='word_1_675' title='bbox 1972 4466 2316 4527; x_wconf 86' lang='lat' dir='ltr'><strong>hortaretur.</strong></span> <span class='ocrx_word' id='word_1_676' title='bbox 2365 4464 2473 4521; x_wconf 86' lang='lat' dir='ltr'><strong>Sed</strong></span> <span class='ocrx_word' id='word_1_677' title='bbox 2519 4475 2575 4521; x_wconf 92' lang='lat' dir='ltr'><strong>et</strong></span> <span class='ocrx_word' id='word_1_678' title='bbox 2621 4463 3009 4521; x_wconf 87' lang='lat' dir='ltr'><strong>Philomeliani</strong></span> <span class='ocrx_word' id='word_1_679' title='bbox 3061 4454 3317 4518; x_wconf 84' lang='lat' dir='ltr'><strong>monachi</strong></span> <span class='ocrx_word' id='word_1_680' title='bbox 3359 4461 3561 4533; x_wconf 67' lang='grc' dir='ltr'>ιιι-ιοάί-</span> 
     </span>
    </p>
   </div>
   <div class='ocr_carea' id='block_1_94' title="bbox 282 4568 1871 4642">
    <p class='ocr_par' dir='ltr' id='par_1_94' title="bbox 282 4568 1871 4642">
     <span class='ocr_line' id='line_1_94' title="bbox 282 4568 1871 4642; baseline -0.001 -18"><span class='ocrx_word' id='word_1_681' title='bbox 282 4571 361 4641; x_wconf 82' lang='grc' dir='ltr'><strong>τῷ</strong></span> <span class='ocrx_word' id='word_1_682' title='bbox 394 4570 497 4642; x_wconf 80' lang='grc' dir='ltr'>υἱῷ</span> <span class='ocrx_word' id='word_1_683' title='bbox 530 4568 837 4640; x_wconf 82' lang='grc' dir='ltr'>ἀπήγγειλε</span> <span class='ocrx_word' id='word_1_684' title='bbox 878 4569 939 4621; x_wconf 80' lang='grc' dir='ltr'>τὸ</span> <span class='ocrx_word' id='word_1_685' title='bbox 971 4569 1250 4637; x_wconf 76' lang='grc' dir='ltr'>ἐνύπνιον,</span> <span class='ocrx_word' id='word_1_686' title='bbox 1284 4568 1382 4623; x_wconf 76' lang='grc' dir='ltr'>καὶ</span> <span class='ocrx_word' id='word_1_687' title='bbox 1416 4569 1599 4622; x_wconf 70' lang='grc' dir='ltr'>ιδέετο</span> <span class='ocrx_word' id='word_1_688' title='bbox 1652 4568 1871 4623; x_wconf 86' lang='grc' dir='ltr'>παύσα-</span> 
     </span>
    </p>
   </div>
   <div class='ocr_carea' id='block_1_95' title="bbox 287 4656 1866 4729">
    <p class='ocr_par' dir='ltr' id='par_1_95' title="bbox 287 4656 1866 4729">
     <span class='ocr_line' id='line_1_95' title="bbox 287 4656 1866 4729; baseline 0.001 -15"><span class='ocrx_word' id='word_1_689' title='bbox 287 4660 413 4714; x_wconf 79' lang='grc' dir='ltr'>σθαι</span> <span class='ocrx_word' id='word_1_690' title='bbox 463 4659 561 4711; x_wconf 80' lang='grc' dir='ltr'><strong>τού</strong></span> <span class='ocrx_word' id='word_1_691' title='bbox 613 4660 756 4713; x_wconf 79' lang='grc' dir='ltr'>κατὰ</span> <span class='ocrx_word' id='word_1_692' title='bbox 809 4656 920 4711; x_wconf 89' lang='grc' dir='ltr'><strong>τῶν</strong></span> <span class='ocrx_word' id='word_1_693' title='bbox 958 4657 1174 4711; x_wconf 86' lang='grc' dir='ltr'>σεπτῶν</span> <span class='ocrx_word' id='word_1_694' title='bbox 1216 4657 1446 4713; x_wconf 69' lang='grc' dir='ltr'>εἰκόνων</span> <span class='ocrx_word' id='word_1_695' title='bbox 1489 4657 1866 4729; x_wconf 78' lang='grc' dir='ltr'>τολμήματος.</span> 
     </span>
    </p>
   </div>
   <div class='ocr_carea' id='block_1_96' title="bbox 297 4748 1872 4821">
    <p class='ocr_par' dir='ltr' id='par_1_96' title="bbox 297 4748 1872 4821">
     <span class='ocr_line' id='line_1_96' title="bbox 297 4748 1872 4821; baseline -0.003 -14"><span class='ocrx_word' id='word_1_696' title='bbox 297 4753 441 4808; x_wconf 78' lang='grc' dir='ltr'>Ἀλλ’</span> <span class='ocrx_word' id='word_1_697' title='bbox 462 4749 731 4820; x_wconf 77' lang='grc' dir='ltr'>ἐξεκώφει</span> <span class='ocrx_word' id='word_1_698' title='bbox 758 4751 787 4802; x_wconf 84' lang='grc' dir='ltr'><strong>ὁ</strong></span> <span class='ocrx_word' id='word_1_699' title='bbox 816 4750 1073 4815; x_wconf 81' lang='grc' dir='ltr'>δείλαιος,</span> <span class='ocrx_word' id='word_1_700' title='bbox 1094 4751 1190 4804; x_wconf 79' lang='grc' dir='ltr'>καὶ</span> <span class='ocrx_word' id='word_1_701' title='bbox 1218 4748 1509 4821; x_wconf 84' lang='grc' dir='ltr'>θεομαχῶν</span> <span class='ocrx_word' id='word_1_702' title='bbox 1538 4750 1639 4804; x_wconf 81' lang='grc' dir='ltr'>οὐκ</span> <span class='ocrx_word' id='word_1_703' title='bbox 1666 4750 1872 4803; x_wconf 77' lang='grc' dir='ltr'>ἐπαύε-</span> 
     </span>
    </p>
   </div>
   <div class='ocr_carea' id='block_1_97' title="bbox 284 4840 1867 4914">
    <p class='ocr_par' dir='ltr' id='par_1_97' title="bbox 284 4840 1867 4914">
     <span class='ocr_line' id='line_1_97' title="bbox 284 4840 1867 4914; baseline -0.002 -14"><span class='ocrx_word' id='word_1_704' title='bbox 284 4864 369 4901; x_wconf 87' lang='grc' dir='ltr'><strong>το.</strong></span> <span class='ocrx_word' id='word_1_705' title='bbox 402 4840 580 4898; x_wconf 73' lang='grc' dir='ltr'>Ὠτιτο</span> <span class='ocrx_word' id='word_1_706' title='bbox 605 4845 663 4897; x_wconf 79' lang='grc' dir='ltr'>δὲ</span> <span class='ocrx_word' id='word_1_707' title='bbox 693 4846 786 4897; x_wconf 75' lang='grc' dir='ltr'>καὶ</span> <span class='ocrx_word' id='word_1_708' title='bbox 813 4847 842 4897; x_wconf 79' lang='grc' dir='ltr'><strong>ὁ</strong></span> <span class='ocrx_word' id='word_1_709' title='bbox 871 4844 1014 4908; x_wconf 86' lang='grc' dir='ltr'>θεῖος</span> <span class='ocrx_word' id='word_1_710' title='bbox 1045 4845 1401 4914; x_wconf 83' lang='grc' dir='ltr'>πατριάρχης</span> <span class='ocrx_word' id='word_1_711' title='bbox 1433 4844 1711 4914; x_wconf 83' lang='grc' dir='ltr'>Ταράσιος</span> <span class='ocrx_word' id='word_1_712' title='bbox 1746 4843 1867 4897; x_wconf 79' lang='grc' dir='ltr'>καθ’</span> 
     </span>
    </p>
   </div>
   <div class='ocr_carea' id='block_1_98' title="bbox 290 4936 1866 5010">
    <p class='ocr_par' dir='ltr' id='par_1_98' title="bbox 290 4936 1866 5010">
     <span class='ocr_line' id='line_1_98' title="bbox 290 4936 1866 5010; baseline -0.003 -16"><span class='ocrx_word' id='word_1_713' title='bbox 290 4940 495 5003; x_wconf 77' lang='grc' dir='ltr'>ὕπνους</span> <span class='ocrx_word' id='word_1_714' title='bbox 533 4938 667 5002; x_wconf 71' lang='grc' dir='ltr'>τινὶ,</span> <span class='ocrx_word' id='word_1_715' title='bbox 695 4938 795 5009; x_wconf 70' lang='grc' dir='ltr'>ἤδη</span> <span class='ocrx_word' id='word_1_716' title='bbox 832 4938 931 5008; x_wconf 82' lang='grc' dir='ltr'>τῆς</span> <span class='ocrx_word' id='word_1_717' title='bbox 960 4937 1231 5008; x_wconf 83' lang='grc' dir='ltr'>ὲπικήρου</span> <span class='ocrx_word' id='word_1_718' title='bbox 1266 4936 1473 5010; x_wconf 84' lang='grc' dir='ltr'>ταύτης</span> <span class='ocrx_word' id='word_1_719' title='bbox 1515 4936 1662 5005; x_wconf 81' lang='grc' dir='ltr'>ζωῆς</span> <span class='ocrx_word' id='word_1_720' title='bbox 1696 4953 1866 5008; x_wconf 84' lang='grc' dir='ltr'>μετα-</span> 
     </span>
    </p>
   </div>
   <div class='ocr_carea' id='block_1_99' title="bbox 293 5021 1870 5095">
    <p class='ocr_par' dir='ltr' id='par_1_99' title="bbox 293 5021 1870 5095">
     <span class='ocr_line' id='line_1_99' title="bbox 293 5021 1870 5095; baseline -0.004 -12"><span class='ocrx_word' id='word_1_721' title='bbox 293 5029 445 5093; x_wconf 79' lang='grc' dir='ltr'>στὰς,</span> <span class='ocrx_word' id='word_1_722' title='bbox 488 5024 857 5095; x_wconf 80' lang='grc' dir='ltr'>ὲπιδοώμενός</span> <span class='ocrx_word' id='word_1_723' title='bbox 903 5040 1030 5078; x_wconf 86' lang='grc' dir='ltr'>τινα</span> <span class='ocrx_word' id='word_1_724' title='bbox 1074 5023 1321 5094; x_wconf 84' lang='grc' dir='ltr'>Μιχαὴλ,</span> <span class='ocrx_word' id='word_1_725' title='bbox 1357 5025 1455 5077; x_wconf 78' lang='grc' dir='ltr'><strong>καὶ</strong></span> <span class='ocrx_word' id='word_1_726' title='bbox 1492 5023 1744 5078; x_wconf 70' lang='grc' dir='ltr'>ἐπελθεῖν</span> <span class='ocrx_word' id='word_1_727' title='bbox 1790 5021 1870 5094; x_wconf 82' lang='grc' dir='ltr'>τῷ</span> 
     </span>
    </p>
   </div>
   <div class='ocr_carea' id='block_1_100' title="bbox 293 5114 1871 5185">
    <p class='ocr_par' dir='ltr' id='par_1_100' title="bbox 293 5114 1871 5185">
     <span class='ocr_line' id='line_1_100' title="bbox 293 5114 1871 5185; baseline -0.003 -12"><span class='ocrx_word' id='word_1_728' title='bbox 293 5120 508 5183; x_wconf 85' lang='grc' dir='ltr'>Λέοντι,</span> <span class='ocrx_word' id='word_1_729' title='bbox 560 5116 657 5171; x_wconf 78' lang='grc' dir='ltr'>καὶ</span> <span class='ocrx_word' id='word_1_730' title='bbox 695 5118 907 5169; x_wconf 83' lang='grc' dir='ltr'>κτεῖναι</span> <span class='ocrx_word' id='word_1_731' title='bbox 962 5115 1157 5168; x_wconf 81' lang='grc' dir='ltr'>τοῦτον</span> <span class='ocrx_word' id='word_1_732' title='bbox 1215 5114 1663 5185; x_wconf 73' lang='grc' dir='ltr'>ἐγκελευόμενος.</span> <span class='ocrx_word' id='word_1_733' title='bbox 1708 5115 1871 5170; x_wconf 80' lang='grc' dir='ltr'>Ἀλλὰ</span> 
     </span>
    </p>
   </div>
   <div class='ocr_carea' id='block_1_101' title="bbox 294 5206 1871 5282">
    <p class='ocr_par' dir='ltr' id='par_1_101' title="bbox 294 5206 1871 5282">
     <span class='ocr_line' id='line_1_101' title="bbox 294 5206 1871 5282; baseline -0.002 -17"><span class='ocrx_word' id='word_1_734' title='bbox 294 5212 391 5266; x_wconf 80' lang='grc' dir='ltr'>καὶ</span> <span class='ocrx_word' id='word_1_735' title='bbox 420 5212 452 5282; x_wconf 92' lang='grc' dir='ltr'><strong>ἡ</strong></span> <span class='ocrx_word' id='word_1_736' title='bbox 480 5209 576 5263; x_wconf 82' lang='grc' dir='ltr'>τοῦ</span> <span class='ocrx_word' id='word_1_737' title='bbox 604 5214 661 5264; x_wconf 76' lang='grc' dir='ltr'>ὲν</span> <span class='ocrx_word' id='word_1_738' title='bbox 694 5208 771 5279; x_wconf 81' lang='grc' dir='ltr'>τῷ</span> <span class='ocrx_word' id='word_1_739' title='bbox 820 5207 1121 5279; x_wconf 79' lang='grc' dir='ltr'>Φιλομιλιῳ</span> <span class='ocrx_word' id='word_1_740' title='bbox 1156 5206 1398 5279; x_wconf 85' lang='grc' dir='ltr'>μοναχοῢ</span> <span class='ocrx_word' id='word_1_741' title='bbox 1447 5208 1871 5280; x_wconf 81' lang='grc' dir='ltr'>προαγόρευσις,</span> 
     </span>
    </p>
   </div>
   <div class='ocr_carea' id='block_1_102' title="bbox 293 5299 1870 5373">
    <p class='ocr_par' dir='ltr' id='par_1_102' title="bbox 293 5299 1870 5373">
     <span class='ocr_line' id='line_1_102' title="bbox 293 5299 1870 5373; baseline -0.003 -17"><span class='ocrx_word' id='word_1_742' title='bbox 293 5301 393 5359; x_wconf 72' lang='grc' dir='ltr'>καὶ</span> <span class='ocrx_word' id='word_1_743' title='bbox 418 5301 535 5357; x_wconf 80' lang='grc' dir='ltr'>ἄλλ’</span> <span class='ocrx_word' id='word_1_744' title='bbox 562 5302 700 5356; x_wconf 71' lang='grc' dir='ltr'>ἄττα</span> <span class='ocrx_word' id='word_1_745' title='bbox 730 5300 1047 5373; x_wconf 84' lang='grc' dir='ltr'>ὑπέθραπτε</span> <span class='ocrx_word' id='word_1_746' title='bbox 1077 5301 1169 5353; x_wconf 66' lang='grc' dir='ltr'>τὸν</span> <span class='ocrx_word' id='word_1_747' title='bbox 1198 5299 1408 5353; x_wconf 84' lang='grc' dir='ltr'>Λέοντα</span> <span class='ocrx_word' id='word_1_748' title='bbox 1431 5300 1529 5354; x_wconf 78' lang='grc' dir='ltr'>καὶ</span> <span class='ocrx_word' id='word_1_749' title='bbox 1574 5300 1870 5369; x_wconf 76' lang='grc' dir='ltr'>ἐδείμαινε.</span> 
     </span>
    </p>
   </div>
   <div class='ocr_carea' id='block_1_103' title="bbox 291 5391 1871 5464">
    <p class='ocr_par' dir='ltr' id='par_1_103' title="bbox 291 5391 1871 5464">
     <span class='ocr_line' id='line_1_103' title="bbox 291 5391 1871 5464; baseline -0.001 -14"><span class='ocrx_word' id='word_1_750' title='bbox 291 5396 441 5459; x_wconf 83' lang='grc' dir='ltr'>Τέως</span> <span class='ocrx_word' id='word_1_751' title='bbox 472 5395 517 5449; x_wconf 89' lang='grc' dir='ltr'>δ’</span> <span class='ocrx_word' id='word_1_752' title='bbox 550 5394 646 5449; x_wconf 78' lang='grc' dir='ltr'>οὖν</span> <span class='ocrx_word' id='word_1_753' title='bbox 677 5394 878 5459; x_wconf 86' lang='grc' dir='ltr'>κλοιοῖς</span> <span class='ocrx_word' id='word_1_754' title='bbox 911 5393 1037 5456; x_wconf 82' lang='grc' dir='ltr'>τοὺς</span> <span class='ocrx_word' id='word_1_755' title='bbox 1070 5392 1238 5456; x_wconf 77' lang='grc' dir='ltr'>πόδας</span> <span class='ocrx_word' id='word_1_756' title='bbox 1264 5391 1360 5447; x_wconf 77' lang='grc' dir='ltr'>τοῦ</span> <span class='ocrx_word' id='word_1_757' title='bbox 1395 5391 1621 5464; x_wconf 81' lang='grc' dir='ltr'>Μιχαὴλ</span> <span class='ocrx_word' id='word_1_758' title='bbox 1643 5392 1871 5462; x_wconf 71' lang='grc' dir='ltr'>ὲνδηοάο</span> 
     </span>
    </p>
   </div>
   <div class='ocr_carea' id='block_1_104' title="bbox 293 5485 1873 5561">
    <p class='ocr_par' dir='ltr' id='par_1_104' title="bbox 293 5485 1873 5561">
     <span class='ocr_line' id='line_1_104' title="bbox 293 5485 1873 5561; baseline -0.003 -18"><span class='ocrx_word' id='word_1_759' title='bbox 293 5505 479 5561; x_wconf 77' lang='grc' dir='ltr'>μενος,</span> <span class='ocrx_word' id='word_1_760' title='bbox 521 5489 614 5542; x_wconf 81' lang='grc' dir='ltr'>τὸν</span> <span class='ocrx_word' id='word_1_761' title='bbox 665 5488 765 5559; x_wconf 81' lang='grc' dir='ltr'>μὲν</span> <span class='ocrx_word' id='word_1_762' title='bbox 791 5488 870 5558; x_wconf 80' lang='grc' dir='ltr'>τῷ</span> <span class='ocrx_word' id='word_1_763' title='bbox 903 5487 1093 5557; x_wconf 68' lang='grc' dir='ltr'>Παπίᾳ</span> <span class='ocrx_word' id='word_1_764' title='bbox 1123 5485 1653 5557; x_wconf 82' lang='grc' dir='ltr'>φρουρηθησόμενον</span> <span class='ocrx_word' id='word_1_765' title='bbox 1693 5502 1873 5557; x_wconf 80' lang='grc' dir='ltr'>παρα-</span> 
     </span>
    </p>
   </div>
   <div class='ocr_carea' id='block_1_105' title="bbox 299 5576 1869 5650">
    <p class='ocr_par' dir='ltr' id='par_1_105' title="bbox 299 5576 1869 5650">
     <span class='ocr_line' id='line_1_105' title="bbox 299 5576 1869 5650; baseline -0.004 -14"><span class='ocrx_word' id='word_1_766' title='bbox 299 5582 555 5636; x_wconf 75' lang='grc' dir='ltr'>δέδωκεν·</span> <span class='ocrx_word' id='word_1_767' title='bbox 592 5580 757 5644; x_wconf 80' lang='grc' dir='ltr'>αὑτδς</span> <span class='ocrx_word' id='word_1_768' title='bbox 796 5578 854 5633; x_wconf 70' lang='grc' dir='ltr'>δὲ</span> <span class='ocrx_word' id='word_1_769' title='bbox 883 5578 982 5650; x_wconf 79' lang='grc' dir='ltr'>τὴν</span> <span class='ocrx_word' id='word_1_770' title='bbox 1015 5580 1198 5633; x_wconf 78' lang='grc' dir='ltr'>κλεῖδα</span> <span class='ocrx_word' id='word_1_771' title='bbox 1226 5579 1449 5649; x_wconf 73' lang='grc' dir='ltr'>κατεῖχε</span> <span class='ocrx_word' id='word_1_772' title='bbox 1476 5576 1572 5632; x_wconf 80' lang='grc' dir='ltr'>τοῦ</span> <span class='ocrx_word' id='word_1_773' title='bbox 1615 5577 1869 5649; x_wconf 81' lang='grc' dir='ltr'>σιδηρέου</span> 
     </span>
    </p>
   </div>
   <div class='ocr_carea' id='block_1_106' title="bbox 290 5664 1869 5744">
    <p class='ocr_par' dir='ltr' id='par_1_106' title="bbox 290 5664 1869 5744">
     <span class='ocr_line' id='line_1_106' title="bbox 290 5664 1869 5744; baseline -0.003 -17"><span class='ocrx_word' id='word_1_774' title='bbox 290 5673 495 5744; x_wconf 75' lang='grc' dir='ltr'>δεσμοῦ</span> <span class='ocrx_word' id='word_1_775' title='bbox 526 5689 539 5703; x_wconf 93' lang='grc'><strong>·</strong></span> <span class='ocrx_word' id='word_1_776' title='bbox 575 5672 872 5744; x_wconf 81' lang='grc' dir='ltr'>έμφροντις</span> <span class='ocrx_word' id='word_1_777' title='bbox 917 5670 974 5724; x_wconf 67' lang='grc' dir='ltr'>δὲ</span> <span class='ocrx_word' id='word_1_778' title='bbox 1016 5672 1116 5742; x_wconf 79' lang='grc' dir='ltr'>τὴν</span> <span class='ocrx_word' id='word_1_779' title='bbox 1167 5670 1340 5725; x_wconf 82' lang='grc' dir='ltr'>νύκτα</span> <span class='ocrx_word' id='word_1_780' title='bbox 1389 5669 1597 5738; x_wconf 82' lang='grc' dir='ltr'>διάγων</span> <span class='ocrx_word' id='word_1_781' title='bbox 1621 5671 1725 5724; x_wconf 83' lang='grc' dir='ltr'>οὐκ</span> <span class='ocrx_word' id='word_1_782' title='bbox 1756 5664 1869 5743; x_wconf 78' lang='grc' dir='ltr'>εἶχε</span> 
     </span>
    </p>
   </div>
   <div class='ocr_carea' id='block_1_107' title="bbox 290 5761 1870 5835">
    <p class='ocr_par' dir='ltr' id='par_1_107' title="bbox 290 5761 1870 5835">
     <span class='ocr_line' id='line_1_107' title="bbox 290 5761 1870 5835; baseline -0.001 -16"><span class='ocrx_word' id='word_1_783' title='bbox 290 5764 382 5819; x_wconf 78' lang='grc' dir='ltr'>τὸν</span> <span class='ocrx_word' id='word_1_784' title='bbox 403 5763 573 5818; x_wconf 76' lang='grc' dir='ltr'>ὕπνον</span> <span class='ocrx_word' id='word_1_785' title='bbox 605 5766 715 5827; x_wconf 83' lang='grc' dir='ltr'>τοῖς</span> <span class='ocrx_word' id='word_1_786' title='bbox 741 5763 985 5835; x_wconf 75' lang='grc' dir='ltr'>ὄμμασιν</span> <span class='ocrx_word' id='word_1_787' title='bbox 1012 5761 1180 5820; x_wconf 73' lang='grc' dir='ltr'>αὑτοῦ</span> <span class='ocrx_word' id='word_1_788' title='bbox 1214 5761 1566 5833; x_wconf 79' lang='grc' dir='ltr'>ὲφιζάνοντα’</span> <span class='ocrx_word' id='word_1_789' title='bbox 1597 5762 1870 5833; x_wconf 82' lang='grc' dir='ltr'>ἀφίπτατο</span> 
     </span>
    </p>
   </div>
   <div class='ocr_carea' id='block_1_108' title="bbox 1978 4553 3562 4630">
    <p class='ocr_par' dir='ltr' id='par_1_108' title="bbox 1978 4553 3562 4630">
     <span class='ocr_line' id='line_1_108' title="bbox 1978 4553 3562 4630; baseline -0.004 -15"><span class='ocrx_word' id='word_1_790' title='bbox 1978 4559 2092 4615; x_wconf 89' lang='lat' dir='ltr'><strong>ctio</strong></span> <span class='ocrx_word' id='word_1_791' title='bbox 2122 4565 2179 4614; x_wconf 89' lang='lat' dir='ltr'><strong>et</strong></span> <span class='ocrx_word' id='word_1_792' title='bbox 2221 4558 2327 4613; x_wconf 91' lang='lat' dir='ltr'><strong>alia</strong></span> <span class='ocrx_word' id='word_1_793' title='bbox 2375 4557 2625 4630; x_wconf 62' lang='lat' dir='ltr'><strong>quadam</strong></span> <span class='ocrx_word' id='word_1_794' title='bbox 2678 4555 2918 4611; x_wconf 86' lang='lat' dir='ltr'><strong>Leonem</strong></span> <span class='ocrx_word' id='word_1_795' title='bbox 2956 4553 3252 4610; x_wconf 85' lang='lat' dir='ltr'><strong>turbabant</strong></span> <span class='ocrx_word' id='word_1_796' title='bbox 3290 4563 3347 4610; x_wconf 88' lang='lat' dir='ltr'><strong>et</strong></span> <span class='ocrx_word' id='word_1_797' title='bbox 3388 4563 3562 4609; x_wconf 83' lang='lat' dir='ltr'><strong>terre-</strong></span> 
     </span>
    </p>
   </div>
   <div class='ocr_carea' id='block_1_109' title="bbox 1979 4649 3559 4720">
    <p class='ocr_par' dir='ltr' id='par_1_109' title="bbox 1979 4649 3559 4720">
     <span class='ocr_line' id='line_1_109' title="bbox 1979 4649 3559 4720; baseline -0.005 -11"><span class='ocrx_word' id='word_1_798' title='bbox 1979 4653 2136 4710; x_wconf 86' lang='lat' dir='ltr'><strong>bant.</strong></span> <span class='ocrx_word' id='word_1_799' title='bbox 2212 4653 2427 4708; x_wconf 89' lang='lat' dir='ltr'><strong>lnterea</strong></span> <span class='ocrx_word' id='word_1_800' title='bbox 2495 4651 2815 4707; x_wconf 81' lang='lat' dir='ltr'><strong>Michaelem</strong></span> <span class='ocrx_word' id='word_1_801' title='bbox 2888 4649 3247 4720; x_wconf 89' lang='lat' dir='ltr'><strong>compedibus</strong></span> <span class='ocrx_word' id='word_1_802' title='bbox 3312 4649 3559 4703; x_wconf 86' lang='lat' dir='ltr'><strong>vinctum</strong></span> 
     </span>
    </p>
   </div>
   <div class='ocr_carea' id='block_1_110' title="bbox 1980 4738 3561 4816">
    <p class='ocr_par' dir='ltr' id='par_1_110' title="bbox 1980 4738 3561 4816">
     <span class='ocr_line' id='line_1_110' title="bbox 1980 4738 3561 4816; baseline -0.006 -14"><span class='ocrx_word' id='word_1_803' title='bbox 1980 4746 2163 4816; x_wconf 76' lang='lat' dir='ltr'><strong>Papia:</strong></span> <span class='ocrx_word' id='word_1_804' title='bbox 2196 4743 2619 4801; x_wconf 87' lang='lat' dir='ltr'><strong>custodiendum</strong></span> <span class='ocrx_word' id='word_1_805' title='bbox 2664 4741 2929 4806; x_wconf 88' lang='lat' dir='ltr'><strong>tradidit,</strong></span> <span class='ocrx_word' id='word_1_806' title='bbox 2967 4741 3172 4796; x_wconf 84' lang='lat' dir='ltr'><strong>clavem</strong></span> <span class='ocrx_word' id='word_1_807' title='bbox 3205 4755 3341 4794; x_wconf 65' lang='lat' dir='ltr'><strong>serae</strong></span> <span class='ocrx_word' id='word_1_808' title='bbox 3364 4738 3561 4793; x_wconf 74' lang='lat' dir='ltr'><strong>ferrea:</strong></span> 
     </span>
    </p>
   </div>
   <div class='ocr_carea' id='block_1_111' title="bbox 1981 4831 3559 4909">
    <p class='ocr_par' dir='ltr' id='par_1_111' title="bbox 1981 4831 3559 4909">
     <span class='ocr_line' id='line_1_111' title="bbox 1981 4831 3559 4909; baseline -0.006 -17"><span class='ocrx_word' id='word_1_809' title='bbox 1981 4837 2101 4909; x_wconf 87' lang='lat' dir='ltr'><strong>ipse</strong></span> <span class='ocrx_word' id='word_1_810' title='bbox 2144 4836 2480 4900; x_wconf 86' lang='lat' dir='ltr'><strong>asscrvavit,</strong></span> <span class='ocrx_word' id='word_1_811' title='bbox 2522 4849 2756 4905; x_wconf 90' lang='lat' dir='ltr'><strong>eamque</strong></span> <span class='ocrx_word' id='word_1_812' title='bbox 2806 4841 3028 4889; x_wconf 91' lang='lat' dir='ltr'><strong>noctem</strong></span> <span class='ocrx_word' id='word_1_813' title='bbox 3074 4831 3368 4887; x_wconf 89' lang='lat' dir='ltr'><strong>sollicitam</strong></span> <span class='ocrx_word' id='word_1_814' title='bbox 3397 4840 3453 4886; x_wconf 90' lang='lat' dir='ltr'><strong>et</strong></span> <span class='ocrx_word' id='word_1_815' title='bbox 3491 4843 3559 4883; x_wconf 80' lang='lat' dir='ltr'><strong>ex</strong></span> 
     </span>
    </p>
   </div>
   <div class='ocr_carea' id='block_1_112' title="bbox 1977 4915 3560 4998">
    <p class='ocr_par' dir='ltr' id='par_1_112' title="bbox 1977 4915 3560 4998">
     <span class='ocr_line' id='line_1_112' title="bbox 1977 4915 3560 4998; baseline -0.006 -12"><span class='ocrx_word' id='word_1_816' title='bbox 1977 4931 2350 4988; x_wconf 82' lang='lat' dir='ltr'><strong>sollicitudine</strong></span> <span class='ocrx_word' id='word_1_817' title='bbox 2382 4931 2688 4984; x_wconf 88' lang='lat' dir='ltr'><strong>insomnem</strong></span> <span class='ocrx_word' id='word_1_818' title='bbox 2728 4928 2859 4998; x_wconf 81' lang='lat' dir='ltr'><strong>egit.</strong></span> <span class='ocrx_word' id='word_1_819' title='bbox 2891 4926 3071 4994; x_wconf 85' lang='lat' dir='ltr'><strong>Quare</strong></span> <span class='ocrx_word' id='word_1_820' title='bbox 3099 4915 3278 4995; x_wconf 70' lang='lat' dir='ltr'><strong>Papia:</strong></span> <span class='ocrx_word' id='word_1_821' title='bbox 3301 4923 3560 4980; x_wconf 84' lang='lat' dir='ltr'><strong>conclave</strong></span> 
     </span>
    </p>
   </div>
   <div class='ocr_carea' id='block_1_113' title="bbox 1981 5015 3559 5095">
    <p class='ocr_par' dir='ltr' id='par_1_113' title="bbox 1981 5015 3559 5095">
     <span class='ocr_line' id='line_1_113' title="bbox 1981 5015 3559 5095; baseline -0.007 -17"><span class='ocrx_word' id='word_1_822' title='bbox 1981 5023 2285 5095; x_wconf 82' lang='lat' dir='ltr'><strong>ingressus,</strong></span> <span class='ocrx_word' id='word_1_823' title='bbox 2329 5021 2649 5078; x_wconf 87' lang='lat' dir='ltr'><strong>Michaelem</strong></span> <span class='ocrx_word' id='word_1_824' title='bbox 2691 5021 2746 5075; x_wconf 91' lang='lat' dir='ltr'><strong>in</strong></span> <span class='ocrx_word' id='word_1_825' title='bbox 2792 5020 2935 5076; x_wconf 91' lang='lat' dir='ltr'><strong>lecto</strong></span> <span class='ocrx_word' id='word_1_826' title='bbox 2977 5018 3153 5074; x_wconf 89' lang='lat' dir='ltr'><strong>otiose</strong></span> <span class='ocrx_word' id='word_1_827' title='bbox 3191 5015 3559 5072; x_wconf 88' lang='lat' dir='ltr'><strong>dormientem</strong></span> 
     </span>
    </p>
   </div>
   <div class='ocr_carea' id='block_1_114' title="bbox 1978 5106 3561 5187">
    <p class='ocr_par' dir='ltr' id='par_1_114' title="bbox 1978 5106 3561 5187">
     <span class='ocr_line' id='line_1_114' title="bbox 1978 5106 3561 5187; baseline -0.008 -15"><span class='ocrx_word' id='word_1_828' title='bbox 1978 5117 2173 5184; x_wconf 89' lang='lat' dir='ltr'><strong>videt,</strong></span> <span class='ocrx_word' id='word_1_829' title='bbox 2205 5117 2429 5187; x_wconf 88' lang='lat' dir='ltr'><strong>Papiam</strong></span> <span class='ocrx_word' id='word_1_830' title='bbox 2468 5130 2602 5170; x_wconf 86' lang='lat' dir='ltr'><strong>vero</strong></span> <span class='ocrx_word' id='word_1_831' title='bbox 2641 5113 2795 5169; x_wconf 85' lang='lat' dir='ltr'><strong>humi</strong></span> <span class='ocrx_word' id='word_1_832' title='bbox 2825 5114 3099 5184; x_wconf 88' lang='lat' dir='ltr'><strong>jacentem</strong></span> <span class='ocrx_word' id='word_1_833' title='bbox 3135 5126 3151 5165; x_wconf 89' lang='lat'>:</span> <span class='ocrx_word' id='word_1_834' title='bbox 3184 5108 3330 5180; x_wconf 90' lang='lat' dir='ltr'><strong>quod</strong></span> <span class='ocrx_word' id='word_1_835' title='bbox 3378 5106 3464 5160; x_wconf 93' lang='lat' dir='ltr'><strong>vel</strong></span> <span class='ocrx_word' id='word_1_836' title='bbox 3499 5112 3561 5160; x_wconf 91' lang='lat' dir='ltr'><strong>ut</strong></span> 
     </span>
    </p>
   </div>
   <div class='ocr_carea' id='block_1_115' title="bbox 1981 5197 3556 5272">
    <p class='ocr_par' dir='ltr' id='par_1_115' title="bbox 1981 5197 3556 5272">
     <span class='ocr_line' id='line_1_115' title="bbox 1981 5197 3556 5272; baseline -0.01 -7"><span class='ocrx_word' id='word_1_837' title='bbox 1981 5210 2279 5265; x_wconf 86' lang='lat' dir='ltr'><strong>bonoraret</strong></span> <span class='ocrx_word' id='word_1_838' title='bbox 2312 5207 2631 5264; x_wconf 80' lang='lat' dir='ltr'><strong>Michaelem</strong></span> <span class='ocrx_word' id='word_1_839' title='bbox 2657 5206 2922 5272; x_wconf 79' lang='lat' dir='ltr'><strong>faciebat,</strong></span> <span class='ocrx_word' id='word_1_840' title='bbox 2954 5205 3074 5270; x_wconf 88' lang='lat' dir='ltr'><strong>vel,</strong></span> <span class='ocrx_word' id='word_1_841' title='bbox 3112 5211 3173 5256; x_wconf 92' lang='lat' dir='ltr'><strong>ut</strong></span> <span class='ocrx_word' id='word_1_842' title='bbox 3225 5197 3556 5270; x_wconf 80' lang='lat' dir='ltr'><strong>putabatur,</strong></span> 
     </span>
    </p>
   </div>
   <div class='ocr_carea' id='block_1_116' title="bbox 1982 5289 3561 5371">
    <p class='ocr_par' dir='ltr' id='par_1_116' title="bbox 1982 5289 3561 5371">
     <span class='ocr_line' id='line_1_116' title="bbox 1982 5289 3561 5371; baseline -0.008 -14"><span class='ocrx_word' id='word_1_843' title='bbox 1982 5300 2305 5357; x_wconf 88' lang='lat' dir='ltr'><strong>insidiarum</strong></span> <span class='ocrx_word' id='word_1_844' title='bbox 2334 5308 2529 5356; x_wconf 89' lang='lat' dir='ltr'><strong>contra</strong></span> <span class='ocrx_word' id='word_1_845' title='bbox 2562 5299 2952 5371; x_wconf 88' lang='lat' dir='ltr'><strong>imperatorem</strong></span> <span class='ocrx_word' id='word_1_846' title='bbox 2980 5293 3258 5351; x_wconf 88' lang='lat' dir='ltr'><strong>conscius.</strong></span> <span class='ocrx_word' id='word_1_847' title='bbox 3287 5290 3359 5347; x_wconf 91' lang='lat' dir='ltr'><strong>Ut</strong></span> <span class='ocrx_word' id='word_1_848' title='bbox 3390 5289 3561 5360; x_wconf 79' lang='lat' dir='ltr'><strong>igitur</strong></span> 
     </span>
    </p>
   </div>
   <div class='ocr_carea' id='block_1_117' title="bbox 1980 5386 3649 5470">
    <p class='ocr_par' dir='ltr' id='par_1_117' title="bbox 1980 5386 3649 5470">
     <span class='ocr_line' id='line_1_117' title="bbox 1980 5386 3649 5470; baseline -0.007 -20"><span class='ocrx_word' id='word_1_849' title='bbox 1980 5393 2302 5450; x_wconf 81' lang='lat' dir='ltr'><strong>Michaelem</strong></span> <span class='ocrx_word' id='word_1_850' title='bbox 2353 5407 2549 5449; x_wconf 85' lang='lat' dir='ltr'><strong>somno</strong></span> <span class='ocrx_word' id='word_1_851' title='bbox 2593 5391 2870 5464; x_wconf 76' lang='lat' dir='ltr'><strong>profundo</strong></span> <span class='ocrx_word' id='word_1_852' title='bbox 2920 5398 2977 5444; x_wconf 89' lang='lat' dir='ltr'><strong>et</strong></span> <span class='ocrx_word' id='word_1_853' title='bbox 3027 5386 3183 5442; x_wconf 88' lang='lat' dir='ltr'><strong>suavi</strong></span> <span class='ocrx_word' id='word_1_854' title='bbox 3232 5396 3559 5455; x_wconf 86' lang='lat' dir='ltr'><strong>oppressum</strong></span> <span class='ocrx_word' id='word_1_855' title='bbox 3639 5460 3649 5470; x_wconf 36' lang='lat'>.</span> 
     </span>
    </p>
   </div>
   <div class='ocr_carea' id='block_1_118' title="bbox 1983 5477 3561 5551">
    <p class='ocr_par' dir='ltr' id='par_1_118' title="bbox 1983 5477 3561 5551">
     <span class='ocr_line' id='line_1_118' title="bbox 1983 5477 3561 5551; baseline -0.006 -10"><span class='ocrx_word' id='word_1_856' title='bbox 1983 5485 2146 5551; x_wconf 85' lang='lat' dir='ltr'><strong>vidit,</strong></span> <span class='ocrx_word' id='word_1_857' title='bbox 2176 5486 2383 5541; x_wconf 87' lang='lat' dir='ltr'><strong>nullam</strong></span> <span class='ocrx_word' id='word_1_858' title='bbox 2412 5484 2843 5541; x_wconf 80' lang='lat' dir='ltr'><strong>sollicitudinem</strong></span> <span class='ocrx_word' id='word_1_859' title='bbox 2879 5494 2991 5550; x_wconf 65' lang='lat' dir='ltr'><strong>prae</strong></span> <span class='ocrx_word' id='word_1_860' title='bbox 3027 5493 3086 5534; x_wconf 83' lang='lat' dir='ltr'><strong>se</strong></span> <span class='ocrx_word' id='word_1_861' title='bbox 3125 5477 3437 5533; x_wconf 76' lang='lat' dir='ltr'><strong>ferentem:</strong></span> <span class='ocrx_word' id='word_1_862' title='bbox 3473 5490 3561 5532; x_wconf 86' lang='lat' dir='ltr'><strong>re-</strong></span> 
     </span>
    </p>
   </div>
   <div class='ocr_carea' id='block_1_119' title="bbox 1985 5570 3561 5649">
    <p class='ocr_par' dir='ltr' id='par_1_119' title="bbox 1985 5570 3561 5649">
     <span class='ocr_line' id='line_1_119' title="bbox 1985 5570 3561 5649; baseline -0.006 -15"><span class='ocrx_word' id='word_1_863' title='bbox 1985 5580 2152 5634; x_wconf 84' lang='lat' dir='ltr'><strong>cessit</strong></span> <span class='ocrx_word' id='word_1_864' title='bbox 2203 5578 2422 5646; x_wconf 89' lang='lat' dir='ltr'><strong>iratus,</strong></span> <span class='ocrx_word' id='word_1_865' title='bbox 2482 5578 2733 5649; x_wconf 89' lang='lat' dir='ltr'><strong>iramque</strong></span> <span class='ocrx_word' id='word_1_866' title='bbox 2801 5573 3102 5646; x_wconf 72' lang='lat' dir='ltr'><strong>agitatione</strong></span> <span class='ocrx_word' id='word_1_867' title='bbox 3159 5570 3320 5644; x_wconf 60' lang='lat' dir='ltr'><strong>13b</strong></span> <span class='ocrx_word' id='word_1_868' title='bbox 3365 5584 3561 5625; x_wconf 81' lang='lat' dir='ltr'><strong>manus</strong></span> 
     </span>
    </p>
   </div>
   <div class='ocr_carea' id='block_1_120' title="bbox 1985 5661 3561 5737">
    <p class='ocr_par' dir='ltr' id='par_1_120' title="bbox 1985 5661 3561 5737">
     <span class='ocr_line' id='line_1_120' title="bbox 1985 5661 3561 5737; baseline -0.008 -9"><span class='ocrx_word' id='word_1_869' title='bbox 1985 5671 2307 5728; x_wconf 69' lang='lat' dir='ltr'><strong>declaravit.</strong></span> <span class='ocrx_word' id='word_1_870' title='bbox 2347 5672 2426 5727; x_wconf 84' lang='lat' dir='ltr'><strong>Ac</strong></span> <span class='ocrx_word' id='word_1_871' title='bbox 2459 5680 2786 5727; x_wconf 59' lang='lat' dir='ltr'><strong>exterarum</strong></span> <span class='ocrx_word' id='word_1_872' title='bbox 2828 5681 2993 5722; x_wconf 87' lang='lat' dir='ltr'><strong>nemo</strong></span> <span class='ocrx_word' id='word_1_873' title='bbox 3042 5666 3163 5737; x_wconf 86' lang='lat' dir='ltr'><strong>ejus</strong></span> <span class='ocrx_word' id='word_1_874' title='bbox 3209 5661 3561 5735; x_wconf 70' lang='lat' dir='ltr'><strong>prtesentiam</strong></span> 
     </span>
    </p>
   </div>
   <div class='ocr_carea' id='block_1_121' title="bbox 1983 5752 3561 5850">
    <p class='ocr_par' dir='ltr' id='par_1_121' title="bbox 1983 5752 3561 5850">
     <span class='ocr_line' id='line_1_121' title="bbox 1983 5752 3561 5850; baseline -0.006 -31"><span class='ocrx_word' id='word_1_875' title='bbox 1983 5763 2449 5850; x_wconf 75' lang='lat' dir='ltr'><strong>animadverterat</strong></span> <span class='ocrx_word' id='word_1_876' title='bbox 2486 5770 2688 5835; x_wconf 77' lang='lat' dir='ltr'><strong>prteter</strong></span> <span class='ocrx_word' id='word_1_877' title='bbox 2719 5774 2889 5818; x_wconf 84' lang='lat' dir='ltr'><strong>unum</strong></span> <span class='ocrx_word' id='word_1_878' title='bbox 2937 5759 3120 5831; x_wconf 72' lang='lat' dir='ltr'><strong>Papia:</strong></span> <span class='ocrx_word' id='word_1_879' title='bbox 3167 5757 3417 5830; x_wconf 70' lang='lat' dir='ltr'><strong>vigilem,</strong></span> <span class='ocrx_word' id='word_1_880' title='bbox 3463 5752 3561 5825; x_wconf 80' lang='lat' dir='ltr'><strong>qui</strong></span> 
     </span>
    </p>
   </div>
  </div>
