3958 6204
257 192 398 257 1335
1488 190 1894 254 ANNALIUM
1935 190 2080 251 LIB.
2120 188 2241 252 XV.
3367 195 3500 262 1380

253 327 340 371 σιν
391 308 666 380 μετέδετο,
708 311 1119 367 Κωνσταντϊνον
1169 309 1245 387 (7)
1281 305 1475 363 ἑαυτὸν
1517 305 1818 377 ὀνομάσας,
1857 306 1951 358 καὶ
2014 304 2272 360 κοινωνὸν
2321 304 2418 377 τῆς
2483 305 2784 377 βασιλείας,
2826 308 2901 372 ὠς
2929 309 3089 379 ᾤετο,
3126 307 3499 380 προσελάῢετο

251 404 387 466 υἱὸν,
408 403 718 475 εἰσποιητὸν
746 404 1167 477 οίκειωσάμενός
1199 418 1341 457 τινα.
1370 400 1478 454 Τοῦ
1508 399 1566 454 δὲ
1598 398 1818 470 Μιχαὴλ
1857 399 2121 469 στρατιάν
2156 401 2279 454 κατ’
2349 399 2518 454 αὑτοῦ
2584 400 2933 469 ὲσταλκότος,
2962 400 3256 473 συμϐαλὼν
3287 403 3499 463 ἐκεῖνος

255 500 422 570 αὐτῇ,
446 499 576 562 τοὺς
612 500 712 570 μὲν
731 501 936 564 ἀνεῖλε,
967 500 1094 565 τοὺς
1142 499 1199 553 δὲ
1233 497 1479 568 φυγάδας
1515 498 1816 565 ἀπέφηνεν.
1862 493 2177 550 Κάντεῦθεν
2232 495 2625 567 κραταιότερον
2653 497 2754 566 τῆς
2815 498 3133 568 τυραννίδος
3169 499 3495 569 ἐπείληπτο,

245 591 344 645 καὶ
378 592 566 647 στόλον
591 592 1052 664 ἐξαρτυσάμενος,
1103 590 1241 646 ἀλλὰ
1275 590 1385 661 μὴν
1427 592 1522 643 καὶ
1568 586 1632 640 τὸ
1705 586 1983 656 βασιλικὸν
2030 588 2309 669 ,ναυτικὸν
2350 589 2440 659 ὑφ’
2493 591 2688 645 ἑαυτὸν
2752 593 3146 662 ποιησάμενος,
3214 591 3277 658 ἐξ
3336 591 3498 646 ’Δ65-
3594 610 3603 613 λ

242 690 336 740 δου
360 688 500 758 πρὸς
528 688 628 760 τὴν
656 687 882 760 Θρᾴκην
913 686 1253 765 ἐπεραιώθη,
1284 686 1382 740 καὶ
1416 685 1486 738 τὰ
1515 683 1618 753 τῆς
1675 680 1852 751 Ἐῲας
1883 682 2100 738 ἅπαντα
2167 683 2357 754 σχεδὸν
2389 685 2727 757 ὑπηγάγετο,
2793 686 2923 741 ἄνευ
2961 690 3151 758 μέντοι
3180 689 3287 743 τῶν
3327 689 3498 759 θέμα-

239 801 336 848 τος
365 783 457 836 τοῦ
504 782 773 853 Ὀψικίου,
799 776 862 837 οὗ
895 785 924 837 6
955 782 1285 848 Κατάκυλας
1323 781 1678 852 ἐστρατήγει,
1736 780 1833 834 καὶ
1867 778 1961 834 τοῦ
2022 778 2134 832 τῶν
2175 780 2578 850 Ἀρμενιακῶν
2610 782 2639 833 6
2687 781 2961 847 Ὀλὸιανδς
2995 785 3052 839 δὲ
3113 784 3212 857 τὴν
3256 802 3497 857 στρατη-

238 876 367 943 γίδα
388 874 584 929 τούτου
624 868 772 945 εἶχεν
803 873 1006 945 ἀρχὴν,
1044 874 1102 938 ὃς
1126 874 1190 944 δὴ
1220 873 1458 944 λοχήσας
1491 873 1589 926 καὶ
1615 871 1709 926 τὸν
1773 869 1851 940 τῷ
1888 872 2141 942 τυράννῳ
2208 871 2595 943 είσποιηθέντα
2648 872 2764 927 υἱὸν
2794 874 3107 947 κατασχὼνζ
3140 878 3352 933 ἀνεῖλεν
3404 881 3494 934 εὑ-

239 970 362 1022 θός.

308 1022 439 1119 ΚΓ.
478 1064 774 1133 Γενόμενος
808 1063 854 1117 δ’
901 1065 959 1117 ὲν
999 1066 1067 1136 τῇ
1109 1063 1320 1136 Θρᾴκῃ,
1372 1064 1448 1127 ὡς
1509 1062 1752 1134 εἴρηται,

1900 1113 1903 1120 ,
2003 1056 2191 1111 XXIII.
2228 1055 2364 1111 Cum
2393 1056 2648 1121 Thomas,
2676 1066 2735 1110 ut
2763 1056 2966 1112 dictum
2988 1069 3094 1123 est,
3122 1059 3179 1115 in
3206 1062 3491 1121 Thraciam

235 1158 471 1227 Θωμᾶς,
556 1155 1028 1225 προστιθεμένους
1102 1156 1253 1227 αὐτῷ
1305 1157 1431 1220 τοὺς
1490 1154 1813 1226 ξύμπαντας

234 1246 499 1317 ἔσχηκεν.
533 1243 700 1311 Αὖθις
734 1243 828 1301 οὖν
861 1249 957 1302 τοῦ
1007 1248 1271 1319 βασιλέως
1310 1249 1454 1304 κατά
1478 1267 1537 1303 τε
1575 1248 1681 1321 γῆν
1710 1249 1811 1303 αὖ·

1922 1151 2187 1216 venisset,
2210 1162 2403 1203 omnes
2432 1147 2501 1202 ad
2529 1163 2657 1202 eum
2684 1162 2743 1203 se
2782 1150 3156 1206 contulerunt.
3180 1153 3369 1223 Itaque
3393 1157 3495 1212 im.

1920 1248 2233 1309 peratorem
2278 1238 2464 1291 denuo
2509 1245 2655 1292 terra
2698 1237 2949 1307 marique
2980 1237 3146 1306 vicit,
3191 1241 3493 1314 proﬂigatis

230 1339 317 1409 τῷ
345 1338 717 1407 συμμίξαντος
752 1340 843 1393 καὶ
876 1342 1019 1396 κατὰ
1042 1341 1342 1406 θάλασσαν,
1382 1343 1475 1396 καὶ
1506 1342 1673 1411 ἄμφω
1713 1344 1795 1403 τὰς

1918 1328 2274 1392 exercitibus,
2319 1337 2375 1382 et
2410 1326 2465 1380 in
2494 1327 2771 1383 demortui
2808 1328 2904 1382 tllii
2929 1329 3110 1385 locum
3160 1331 3328 1388 alium
3362 1334 3494 1389 ado-

235 1430 502 1500 στρατιὰς
532 1433 561 1484 6
591 1433 855 1498 τύραννος
896 1432 1162 1503 ἐτρέψατό
1196 1449 1256 1486 τε
1306 1433 1402 1487 καὶ
1441 1431 1810 1497 διεσκέδασεν,

1922 1420 2118 1490 ptavit,
2168 1418 2391 1474 nomine
2447 1418 2800 1474 Anastasium
2835 1460 2851 1484 ,
2886 1422 3006 1490 qui,
3047 1436 3206 1477 sacro
3236 1427 3490 1481 monachi

233 1519 595 1589 νίοθετήσατο
624 1519 670 1573 δ’
700 1519 908 1591 ἕτερον,
959 1519 1055 1574 τοῦ
1091 1520 1309 1592 πρώτου
1354 1520 1701 1584 κτανθέντος,
1736 1519 1795 1581 ὡς

1920 1512 2113 1568 habitu
2163 1511 2399 1582 abjeeto,
2444 1510 2662 1566 civilem
2686 1520 3021 1581 sumpserat,
3068 1529 3247 1585 eoque
3278 1519 3494 1590 redegit

234 1611 480 1680 εἴρηται,
542 1610 896 1665 ’Δναστάσιον
948 1611 1048 1681 μὲν
1086 1611 1451 1683 καλούμενον,
1491 1610 1727 1682 μοναχὸν
1764 1611 1810 1663 δ’

230 1700 362 1753 ὄντα
394 1701 485 1753 καὶ
517 1700 577 1753 τὸ
601 1702 704 1770 μὲν
736 1704 925 1773 σχῆμα
953 1701 1015 1755 τὸ
1045 1704 1190 1756 θεῖον
1213 1702 1656 1773 ἀποδυσάμενον,
1685 1716 1809 1755 στο-

230 1793 334 1863 λὴν
387 1791 447 1848 δὲ
492 1798 766 1865 κοσμικὴν
816 1795 1361 1866 μεταμφιασάμενον.
1426 1795 1514 1859 Ἐς
1557 1794 1713 1849 τοῦτο
1762 1795 1808 1848 δ’

229 1880 370 1953 ἧκεν
407 1885 648 1955 ἀπορίας
671 1886 700 1938 6
723 1885 964 1955 Μιχαὴλ,
987 1885 1063 1948 ὡς
1089 1885 1318 1956 σιδηρᾶν
1347 1887 1587 1941 ἐκτεῖναι
1615 1886 1807 1955 σειρὰν

231 1977 293 2043 ἐξ
337 1976 712 2047 Ἀκροπόλεως
760 1980 841 2039 είς
871 1978 930 2030 τὸ
980 1978 1105 2032 κατ’
1150 1977 1452 2050 ἀντιπέραν
1508 1979 1803 2049 πολίχνιον,

231 2067 302 2118 ἵν’
327 2066 504 2122 ἄϐατα
539 2070 655 2131 τοῖς
687 2062 782 2121 τοῢ
824 2067 1090 2138 τυράννου
1138 2069 1463 2137 φυλάττοιτο
1511 2068 1582 2123 τά
1632 2070 1803 2137 ἐντός.

240 2158 382 2208 Ἀλλ’
404 2161 432 2212 6
454 2155 657 2227 Θωμᾶς
679 2157 818 2229 όμοῦ
857 2161 926 2230 τῇ
976 2158 1135 2212 πόλει
1188 2158 1493 2230 προσέβαλε
1528 2160 1673 2215 κατὰ
1700 2160 1807 2230 γῆν

224 2265 287 2302 τε
319 2254 412 2302 καὶ
449 2248 752 2313 θάλασσαν,
785 2248 884 2319 τὴν
915 2248 1147 2320 σιδηρᾶν
1177 2249 1399 2320 ἐκείνην
1429 2250 1607 2321 ῥᾷστα
1652 2250 1805 2321 διαρο

228 2339 400 2411 ῥήξας
433 2339 648 2409 σειρὰν,
673 2338 771 2394 καὶ
801 2338 940 2410 ᾤετο
969 2340 1027 2393 εξ
1060 2339 1225 2411 μόνον
1253 2339 1473 2412 φανείη,
1504 2341 1631 2405 τοὺς
1658 2342 1717 2395 ἑν
1734 2343 1801 2411 τῇ

1918 1604 2259 1667 Michaelem,
2285 1611 2345 1657 ut
2370 1602 2550 1658 ferrea
2600 1613 2793 1659 catena
2812 1617 2879 1658 ex
2905 1604 3159 1676 Acropoli
3184 1608 3238 1663 in
3261 1609 3490 1679 oppid..-

1914 1697 2031 1751 lum
2061 1711 2091 1752 e
2119 1695 2344 1766 regione
2380 1696 2548 1751 situm
2595 1704 2816 1751 extenta
2852 1704 3141 1767 tyrannum
3195 1700 3487 1770 prohibere

1916 1799 2233 1853 conaretur,
2271 1804 2341 1844 ne
2386 1789 2532 1843 intro
2563 1770 2903 1859 penetraret.
2941 1791 3050 1848 Sed
3071 1790 3313 1848 Thomas
3337 1801 3482 1848 terra

1916 1882 2168 1951 marique
2210 1880 2396 1945 simul,
2422 1879 2631 1950 impetu
2668 1881 2725 1935 in
2756 1880 2946 1937 urbem
2977 1882 3145 1948 laeto,
3181 1891 3484 1953 cateuaque

1914 1972 2176 2027 facillime
2222 1980 2383 2041 rupta
2423 2008 2440 2033 .
2482 1969 2750 2040 putabat,
2806 1971 2854 2026 si
2925 1987 2955 2026 a
3010 1970 3226 2027 civibus
3272 1980 3482 2027 tantum

1914 2061 2355 2129 conspiceretur,
2404 2059 2523 2115 fore
2582 2059 2686 2114 sibi
2753 2059 2829 2115 ob
2885 2060 3234 2130 imperatoris
3297 2059 3483 2115 odium

1912 2160 2103 2223 aperta
2133 2153 2338 2207 omnia.
2379 2150 2514 2206 Cum
2548 2159 2730 2206 autem
2767 2152 2914 2208 viros
2964 2151 3134 2207 fortes
3171 2165 3231 2207 se
3259 2150 3475 2221 praebe-

1915 2252 2039 2299 rent
2096 2244 2193 2314 qui
2225 2242 2419 2299 urbem
2449 2241 2771 2308 tuebantur,
2795 2257 2892 2314 spe
2915 2243 3182 2314 deiectus,
3219 2250 3331 2297 tum
3357 2242 3483 2314 qui-

1912 2336 2034 2391 dem
2084 2334 2332 2398 recessit,
2358 2347 2424 2388 ac
2445 2332 2648 2388 vallum
2692 2332 2896 2388 muniit
2933 2332 3083 2389 circa
3105 2346 3319 2389 sacram
3346 2347 3473 2388 san-

225 2430 382 2483 πόλει
410 2429 501 2483 διά
551 2429 650 2498 τὴν
692 2432 832 2499 πρὸς
874 2428 967 2481 τὸν
1017 2426 1324 2499 κρατοῦντα
1360 2420 1682 2497 ἀπέχθειαν,
1714 2430 1795 2481 εὐ-

1905 2435 2119 2482 ctorum
2166 2425 2576 2496 Anargyrorum
2640 2424 2813 2479 edem
2842 2464 2858 2491 ,
2908 2423 3002 2494 qui
3064 2424 3216 2478 locus
3262 2422 3474 2477 Paulini

222 2520 364 2590 χερῆ
387 2517 488 2590 τὴν
524 2518 732 2572 εἴσοδον
784 2518 934 2590 αὑτῷ
973 2521 1299 2590 παρασχεῖν.
1342 2518 1496 2572 Ἐπεὶ
1539 2518 1586 2572 δ’
1628 2519 1805 2590 ὲρρω-

223 2612 423 2682 μένους
452 2610 657 2683 εὕρηκε
684 2610 817 2675 τοὺς
845 2611 996 2674 ἐντὸς
1028 2611 1167 2681 πρὸς
1188 2610 1289 2681 τὴν
1317 2609 1420 2679 τῆς
1460 2609 1669 2674 πόλεως
1708 2627 1804 2680 φυ-

223 2703 423 2774 λακὴν,
449 2702 546 2755 καὶ⁵
576 2702 687 2756 τῶν
715 2702 953 2757 ἐλπίδων
1002 2700 1274 2773 ἐψεύσθη,
1302 2702 1427 2756 τότε
1464 2700 1565 2773 μὲν
1589 2701 1799 2772 ἀνεχώ-

230 2810 390 2866 ρησε,
442 2794 539 2848 καὶ
596 2793 851 2865 βάλλεται
894 2792 1114 2865 χάρακα
1173 2795 1318 2849 κατὰ
1376 2794 1441 2847 τὸ
1489 2794 1598 2848 τῶν
1639 2793 1799 2847 θείων

232 2880 587 2952 ’Δναργύρων
647 2877 948 2952 ἱερώτατον
997 2880 1248 2950 τέμενοςο
1306 2882 1335 2935 6
1385 2880 1550 2945 τόπος
1596 2879 1657 2934 δὲ
1699 2880 1797 2935 τοῦ

222 2968 497 3024 ιΙαυλίνου
546 2966 857 3038 ὠνόμαστο.
907 2966 1165 3039 Ἠμερῶν
1192 2967 1251 3022 δέ
1281 2985 1446 3024 τινων
1477 2969 1799 3042 διαγενομέ-

217 3077 346 3125 νων,
392 3060 487 3114 atat
534 3058 678 3113 κατὰ
725 3060 926 3130 χέρσον
974 3056 1132 3124 αὖθις
1185 3061 1280 3114 καὶ
1332 3062 1475 3116 κατὰ
1519 3062 1796 3118 θάλασσαν

217 3154 466 3221 δπήγαγε
498 3154 565 3222 τῇ
596 3150 751 3204 πόλει
801 3150 894 3205 τὸν
947 3151 1206 3220 πόλεμον,
1264 3150 1541 3217 ἑλεπόλεις
1596 3171 1656 3207 τε
1699 3155 1795 3209 καὶ

217 3247 496 3316 κλίμακας
522 3245 889 3314 ἐπαγόμενος.
947 3243 1032 3308 Ὠς
1063 3243 1109 3296 δ’
1144 3243 1298 3315 ἑώρα
1324 3244 1394 3299 τὰ
1423 3246 1523 3316 τῆς
1548 3246 1792 3318 σπουδῆς

216 3339 368 3408 αὑτῷ
418 3336 758 3407 πανταχόθεν
804 3336 1065 3406 ἀνήνυτα,
1113 3337 1238 3389 τότε
1287 3336 1387 3407 μὲν
1426 3337 1528 3406 τὴν
1578 3336 1794 3408 ψυχρὰν

215 3432 625 3503 ἑκτρεπόμενος
672 3431 899 3502 Θρᾴκην
957 3429 1190 3501 (χειμὼν
1228 3429 1339 3502 γὰρ
1375 3426 1467 3501 ἦν)
1492 3431 1595 3502 τὴν
1629 3447 1794 3503 στρα-

222 3524 346 3577 τιὰν
374 3522 542 3578 αὐτοῦ
570 3524 685 3585 ταῖς
712 3521 920 3593 χώραις
958 3522 1253 3591 διένειμεν,
1292 3523 1353 3575 ἐν
1381 3521 1613 3584 ταύταις
1664 3539 1792 3591 σχο-

222 3613 510 3679 λάζουσαν,
545 3615 637 3669 καὶ
658 3613 755 3685 τὴν
794 3614 888 3668 τοῦ
921 3613 1191 3685 χειμῶνος
1223 3610 1632 3682 ὲκφευξομένην
1674 3611 1793 3682 δρι-

221 3705 459 3776 μύτητα.
502 3706 661 3776 Ἀρτι
700 3705 758 3760 δὲ
785 3704 881 3761 τοῦ
928 3705 1088 3776 ἔαρος
1132 3703 1462 3791 ἐφεστῶτος,
1494 3704 1593 3758 καὶ
1627 3702 1791 3758 πάλιν
1818 3734 1862 3796 c

221 3797 464 3865 προσῆγε
496 3798 591 3849 καὶ
634 3793 1028 3865 ἀμφοτέρωθεν
1070 3783 1325 3864 τῇ’πόλει
1371 3792 1470 3862 τὴν
1502 3793 1788 3865 στρατιάν,

216 3888 310 3940 καὶ
338 3887 699 3957 περιεκύκλου
719 3887 789 3940 τὰ
816 3886 971 3957 τείχη
999 3885 1077 3956 τῷ
1114 3903 1176 3939 τε
1215 3886 1368 3957 πεζῷ
1403 3885 1774 3957 στρατεύματι

214 3978 310 4029 καὶ
337 3976 418 4045 τῷ
452 3976 719 4048 ναυτικῷ.
751 3976 894 4047 Ἤδη
922 3977 979 4030 δὲ
1008 3976 1106 4030 καὶ
1132 3976 1211 4048 τῷ
1232 3977 1452 4048 Μιχαὴλ
1484 3977 1782 4048 ἡτοίμαστο

184 4116 188 4121 ,
214 4068 309 4121 καὶ
334 4067 520 4131 στόλος
552 4071 650 4123 καὶ
688 4069 1028 4141 στράτευμα.
1061 4070 1258 4138 Λόγοις
1287 4069 1382 4124 οὖν
1442 4069 1786 4140 παρακλητι-

211 4162 324 4221 κοῖς
348 4162 477 4224 τοὺς
519 4160 756 4223 οἰκείους
784 4162 1213 4234 παραθαρρύνας
1237 4163 1265 4216 6
1288 4160 1560 4232 βασιλεὺς,
1591 4162 1787 4234 ἀθρόον

209 4256 274 4306 ἑκ
298 4253 561 4307 πλειόνων
577 4254 763 4308 πυλῶν
792 4253 978 4323 ἐξάγει
1005 4253 1254 4317 τούτους,
1293 4255 1391 4307 καὶ
1412 4255 1785 4326 συρρήγνυται

215 4345 291 4417 τῷ
323 4346 417 4399 τοῦ
462 4346 733 4415 τυράννου
785 4346 923 4416 λαῷ.
963 4346 1026 4399 Οί
1056 4346 1114 4399 δὲ
1160 4345 1237 4416 τῷ
1269 4347 1527 4416 αἰφνιδίῳ
1572 4344 1667 4400 καὶ
1706 4347 1785 4417 τῷ

209 4437 404 4506 θράσει
445 4436 558 4491 τῶν
621 4438 890 4491 ἐπιόντων
943 4436 1474 4503 άποδεδειλιακότες,
1523 4436 1594 4490 τὰ
1638 4436 1784 4490 νῶτα

213 4527 531 4598 μετέϐαλον,
572 4528 669 4580 καὶ
712 4527 912 4581 ἔπεσον
945 4527 1157 4592 πολλοὶ,
1194 4528 1290 4581 καὶ
1340 4530 1372 4598 ἡ
1415 4527 1541 4598 νίκη
1574 4528 1684 4582 τῶν
1718 4528 1785 4581 ὲκ

208 4619 309 4687 τῆς
343 4620 550 4683 πόλεως
578 4616 667 4691 ἦν.
715 4620 797 4673 Τά
829 4620 933 4691 μὲν
953 4617 1048 4673 οὖν
1076 4621 1218 4675 κατὰ
1258 4621 1456 4692 χέρσον
1481 4618 1625 4673 οὕτω
1658 4636 1781 4674 συν-

208 4710 411 4781 ηνέχθη
449 4710 528 4782 τῷ
558 4712 863 4785 ἀποστάτῃ
901 4712 962 4765 οὐ
989 4712 1096 4782 μὴν
1119 4711 1233 4765 ἀλλ’
1261 4712 1381 4765 οὐδὲ
1410 4711 1480 4766 τά
1513 4710 1656 4765 κατὰ
1687 4712 1783 4765 θά-

205 4800 416 4855 λασσαν
469 4801 689 4855 κάλλιον
733 4802 889 4870 ἔσχεν
924 4801 1097 4872 αὐτῷ.
1154 4803 1265 4865 Τάς
1323 4802 1434 4873 γὰρ
1491 4802 1779 4870 βασιλικὰς

205 4893 458 4961 τριήρεις
484 4892 547 4946 τὸ
573 4893 667 4946 τοῦ
692 4893 959 4962 τυράννου
996 4892 1253 4946 ναυτικὸν
1284 4892 1625 4965 θεασάμενον
1650 4895 1779 4947 ἐπι-

206 4982 372 5041 ούσας
404 4982 575 5051 αὐτῷ,
606 4988 706 5055 οὐχ
733 4984 1064 5051 ὑπήνεγκεν,
1096 4981 1211 5035 ἀλλ’
1260 4981 1446 5047 εὐθὺς,
1496 4984 1597 5038 τὴν
1642 5001 1779 5053 συμ-

1903 2523 2155 2570 vocatur.
2212 2514 2419 2570 Diebus
2470 2514 2684 2584 aliquot
2735 2513 2966 2583 elapsis,
3032 2511 3227 2568 urbem
3292 2512 3478 2567 denuo

1904 2612 2047 2659 terra
2078 2602 2326 2673 marique
2350 2610 2650 2674 oppugnat,
2691 2602 2962 2659 machinis
2992 2611 3049 2658 et
3074 2603 3240 2658 scalis
3261 2601 3479 2657 adhibi-

1907 2694 1999 2752 tis.
2028 2695 2100 2753 Ut
2126 2710 2254 2752 vero
2277 2710 2337 2752 se
2375 2710 2597 2752 omnem
2631 2709 2855 2766 operam
2877 2704 2934 2751 et
2961 2694 3266 2766 impensam
3288 2694 3479 2751 ludere

1900 2786 2060 2854 vidit,
2122 2794 2277 2855 tunc,
2330 2785 2526 2858 frigida
2581 2786 2814 2843 Thracia
2867 2786 3057 2843 relicta
3096 2788 3245 2858 (nam
3298 2785 3477 2842 hiems

1898 2879 2064 2950 erat),
2092 2880 2368 2936 exercitus
2399 2879 2455 2934 in
2500 2878 3131 2951 provinciasdistribuit,
3162 2886 3225 2935 ut
3258 2878 3333 2934 ibi
3361 2879 3476 2934 otio

1898 2971 2130 3026 recreati
2163 2970 2364 3027 hiemis
2400 2970 2666 3027 saevitiam
2707 2971 2999 3027 evitarent.
3040 2970 3156 3027 Sub
3188 2972 3335 3028 veris
3365 2971 3471 3027 ini-

1897 3061 2069 3127 tium,
2111 3060 2358 3132 legiones
2403 3061 2586 3117 denuo
2618 3062 2876 3132 utrinque
2910 3070 3104 3117 contra
3142 3061 3332 3117 urbem
3361 3060 3460 3116 ad.

1898 3154 2092 3221 duxit,
2131 3169 2362 3224 eamque
2403 3163 2461 3210 et
2500 3155 2848 3225 pedestribus
2884 3166 2944 3211 et
2976 3155 3261 3211 navalibus
3296 3155 3472 3237 copiis

1897 3245 2280 3301 circumdedit.
2327 3243 2432 3301 Sed
2461 3253 2517 3301 et
2549 3245 2780 3301 Michael
2817 3245 3031 3301 interea
3076 3254 3133 3301 et
3158 3245 3385 3302 classem
3418 3255 3474 3300 ct

1895 3337 2102 3392 milites
2135 3345 2441 3407 comparat,
2485 3351 2725 3407 suosque
2798 3336 3122 3393 cohortatus
3150 3377 3165 3402 ,
3220 3337 3473 3407 pluribus

1897 3427 2076 3501 portis
2116 3441 2182 3482 ex
2237 3428 2539 3497 improviso
2581 3427 2849 3497 impetum
2906 3427 2963 3482 in
3010 3427 3228 3498 tyranni
3285 3427 3472 3499 copias

1893 3517 2045 3574 fecit.
2074 3517 2160 3573 Illi
2187 3531 2320 3573 vero
2345 3527 2401 3573 et
2426 3518 2805 3587 inexspectata
2831 3518 3200 3589 aggressione,
3227 3525 3284 3575 et
3302 3519 3471 3574 auda-

1894 3609 1978 3664 cia
2041 3608 2287 3664 hostium
2341 3608 2542 3672 territi,
2587 3617 2737 3676 terga
2801 3607 3115 3675 dederunt,
3171 3609 3469 3680 multisque

1894 3697 2051 3754 casis
2097 3696 2331 3752 victoria
2390 3710 2562 3766 penes
2606 3696 2850 3752 urbanos
2897 3697 3023 3753 fuit.
3073 3701 3152 3753 Ac
3188 3707 3337 3754 terra
3385 3701 3468 3756 sic

1895 3797 2081 3847 actum
2115 3798 2203 3846 est
2239 3802 2363 3844 cum
2397 3788 2704 3854 desertore,
2747 3788 2999 3860 marique
3036 3790 3214 3847 nihilo
3245 3792 3463 3848 melius.

1894 3883 2031 3938 Nam
2079 3882 2296 3954 tyranni
2365 3895 2565 3946 naves,
2608 3895 2734 3935 cum
2766 3880 3176 3950 imperatoriam
3233 3882 3463 3939 classem

1897 3984 2089 4032 contra
2120 3990 2179 4030 se
2209 3974 2287 4030 ire
2315 3973 2603 4038 vidissent,
2629 3988 2741 4028 non
2769 3974 3124 4042 restiterunt,
3175 3974 3273 4031 sed
3325 3990 3462 4031 con-

1893 4080 2082 4137 gressu
2105 4066 2333 4131 evitato,
2359 4064 2577 4121 assidua
2600 4065 2960 4137 remigatione
2984 4065 3051 4121 ad
3072 4064 3462 4124 Continentem

1889 4159 2224 4230 appulerunt
2253 4177 2266 4213 :
2308 4159 2381 4214 ibi
2425 4158 2518 4213 alii
2550 4158 2920 4230 diffugerunt,
2941 4160 3034 4215 alii
3055 4160 3125 4216 ad
3144 4160 3463 4217 Michaelem

1890 4250 2230 4308 defecerunt.
2261 4252 2465 4307 Verum
2507 4250 2766 4307 desertor
2790 4253 3129 4324 tyrannidem
3177 4252 3338 4323 138
3372 4254 3467 4308 ad-

1893 4342 2003 4396 huc
2036 4341 2287 4412 urgebat,
2313 4356 2495 4412 neque
2528 4340 2669 4396 vallo
2697 4341 2898 4408 soluto,
2928 4349 2985 4398 et
3007 4342 3182 4398 classe
3211 4357 3374 4412 quam
3407 4341 3464 4396 in

1885 4432 2095 4488 Graecia
2163 4440 2408 4502 paratam
2504 4431 2743 4488 habebat
2822 4433 3109 4488 accersita.
3151 4431 3283 4500 Quae
3336 4446 3461 4491 cum

1886 4521 2144 4586 venisset,
2174 4529 2231 4576 et
2254 4522 2407 4592 juxta
2436 4521 2666 4592 Byridas
2731 4535 2901 4576 naves
2933 4521 3215 4578 subductae
3254 4530 3457 4584 essent,

1884 4611 2164 4667 Michaelis
2193 4612 2461 4668 classiarii
2492 4628 2558 4668 ea
2584 4626 2644 4668 re
2677 4612 2917 4683 cognita,
2948 4623 3111 4667 noctu
3144 4627 3237 4668 eas
3269 4626 3459 4683 aggre-

1889 4704 2136 4770 diuntur,
2154 4712 2210 4760 et
2232 4703 2494 4775 quasdam
2526 4704 2807 4760 hostilium
2835 4704 3054 4759 navium
3086 4714 3374 4775 ceperunt,
3404 4716 3461 4760 et

1887 4794 2148 4865 quasdam
2194 4795 2305 4866 igni
2352 4795 2544 4851 Graeco
2592 4795 2990 4860 incenderunt,
3044 4804 3105 4849 ut
3160 4811 3459 4866 perpaucae
3562 4812 3585 4829 π

1882 4887 2177 4943 admodum
2208 4896 2582 4957 superessent.
2615 4885 2788 4941 Terra
2816 4895 3000 4942 autem
3034 4887 3226 4943 crebra
3275 4887 3455 4957 praelia

1883 4982 2109 5044 ﬁebant,
2132 4978 2436 5048 Theophilo
2484 4978 2829 5048 imperatoris
2849 4978 2962 5033 Illio
2990 4978 3152 5045 duce,
3181 4979 3275 5036 sed
3298 4992 3457 5041 aequo

206 5069 415 5139 πλοκὴν
475 5074 552 5144 μὴ
605 5073 914 5146 θαρῤἧσαν,
972 5072 1188 5143 εἰρεσίᾳ
1247 5074 1414 5144 συχνῇ
1471 5073 1607 5143 πρὸς
1671 5071 1772 5144 τὴν

1900 5073 1994 5126 'ere
2027 5070 2195 5125 Marte
2251 5070 2616 5141 pugnabatur,
2666 5069 2898 5125 victoria
2948 5070 3016 5126 ad
3045 5081 3295 5126 neutram
3333 5083 3432 5138 par

207 5159 405 5226 χέρσον
459 5162 784 5231 κατήγοντο,
820 5161 914 5214 καὶ
953 5161 1003 5212 οἱ
1054 5159 1152 5229 μὲν
1196 5159 1617 5230 ἀπεδίδρασκον,
1649 5163 1699 5214 ol
1723 5161 1781 5214 δὲ

1890 5172 1996 5219 tem
2027 5162 2342 5217 inclinante.
2362 5162 2574 5217 Interea
2598 5175 2732 5218 vero
2777 5162 2985 5233 aliquid
3001 5161 3218 5227 accidit,
3237 5175 3346 5241 quo
3366 5173 3455 5220 res

1307 5371 1316 5389 '
1385 5295 1584 5385 Variae
1624 5296 1929 5360 lectiones
1972 5302 2036 5359 et
2078 5301 2269 5359 notas.

211 5485 223 5496 θ
405 5419 1405 5496 ΚωνστατςτξνονεΔᾶάἱί’ϐθοῐείιιε
1437 5420 1790 5478 Hamartolus

212 5486 267 5561 in
288 5486 505 5561 ‘tlhron.
537 5505 638 5544 IIIS.
675 5492 846 5561 tilium
881 5491 1069 5546 lrenes
1091 5486 1353 5561 Augustae
1403 5502 1666 5561 praeterea
1729 5508 1789 5548 se

208 5555 415 5610 dixisse
456 5575 471 5615 :
498 5560 759 5629 Διογενής
792 5577 851 5612 τε
888 5562 983 5614 καὶ
1001 5555 1213 5630 άφανὴξ
1240 5559 1341 5628 ὢν,
1373 5555 1515 5632 πρὸς
1543 5564 1611 5619 τὰ
1641 5562 1787 5635 μέρη

541 5656 815 5716 Ρλτιιοι..
858 5654 970 5717 Gn.
1006 5654 1321 5718 CXXXIV.
1424 5662 1428 5666 “

250 5852 273 5887 /

1892 5427 1993 5489 τῆς
2015 5425 2217 5495 Συρίας
2249 5424 2506 5495 ἀφίκετο,
2527 5426 2960 5495 Κωνστιπ.ντῖνονΔ
2988 5420 3456 5495 αὐτὸν-*μετωνο-

1895 5488 2107 5564 μάσας,’
2135 5495 2231 5547 καὶ
2252 5488 2369 5548 υἱὸν
2385 5488 2625 5564 Εἰρήνης
2644 5495 2743 5563 τῆς
2779 5490 3125 5564 βασιλίσσης.
3152 5488 3288 5548 Vide
3304 5488 3446 5546 Con.

2974 5650 3055 5713 ιιι

1844 5576 1851 5589 '
1895 5564 2096 5621 tinuat.
2132 5564 2456 5637 'l‘he0phan.
2491 5564 2528 5619 l.
2564 5580 2601 5631 I,
2629 5580 2686 5618 ιι.
2714 5565 2765 5617 1.
