3958 6204
255 334 390 398 1389
1479 334 1881 398 ANNALIUM
1916 335 2068 394 LIB.
2111 333 2236 395 XV.
3356 340 3493 403 1390

250 450 461 508 ἐκεῖνος
512 445 796 514 ἐξέφηνεν,
829 446 876 498 εί
915 443 989 516 μὴ
1040 443 1454 511 όιἝξαθούλιος
1480 447 1507 498 6
1530 444 1818 514 πατρίκιος

1934 446 2023 496 bus
2050 440 2294 509 exceptis
2320 437 2550 494 Chmrca
2583 446 2636 493 ct
2668 438 2964 509 Zagorcno,
2995 443 3091 512 qui
3126 457 3250 498 cum
3272 448 3493 503 castella

247 543 351 608 τὴν
373 537 553 608 ὁρμὴν
581 535 675 588 τοῦ
710 535 973 604 βασ.λέως
999 536 1249 604 ἀνέκοψε,
1297 534 1538 604 φάμενος
1565 536 1640 603 μὴ
1677 532 1816 603 χρῆ-

1934 533 2124 601 ;uihus
2154 540 2440 601 praeerant,
2467 545 2537 585 ne
2567 539 2689 602 post
2707 530 2931 585 Thomm
2959 531 3239 588 interitum
3272 539 3492 605 quidem

248 647 339 682 ναι
373 627 653 681 πιστεύειν
703 631 845 681 κατά
884 628 993 681 τῶν
1046 627 1217 696 φίλων
1269 626 1504 697 ἐχθροῖς.
1562 624 1621 678 '0
1661 623 1720 677 δέ
1749 640 1814 691 γε

1934 622 2381 688 tradere‘vellent,
2405 622 2473 677 iis
2503 624 2847 694 expugnatis,
2872 623 2927 678 in
2959 639 3182 681 erucem
3210 629 3316 682 acti
3347 644 3496 687 sunt.

251 726 457 796 Θωμᾶς
483 724 673 781 ἄλλοτε
704 723 895 786 ἄλλαις
922 722 1215 793 τιμωρίαις
1245 721 1710 791 ὑποδαλλόμενος,
1747 717 2029 789 βιαιότατα
2057 716 2323 772 κατέλυσε
2348 717 2448 789 τὴν
2486 720 2652 789 ζωήν.
2692 720 2801 773 Καὶ
2828 722 2856 773 ό
2886 720 3077 774 τούτου
3103 722 3159 775 δὶ
3195 725 3501 794 εἰσποιητὸς

253 822 367 885 υίὸς
395 821 475 882 είς
504 820 567 873 τδ
592 820 693 888 τῆς
724 812 924 890 Βιζύης
951 819 1226 888 πολίχνιον
1250 814 1609 887 προσφυγὼν,
1637 814 1792 887 παρά
1817 813 1927 867 τῶν
1951 812 2249 868 οἰκούντων
2279 812 2342 866 τὸ
2375 813 2635 884 φρούριον
2668 814 2844 879 δεθεὶς
2892 818 3177 888 προσήχθη
3217 820 3294 888 τῷ
3342 820 3498 889 βασι-

250 917 353 979 λεῖ,
373 916 471 970 καὶ
495 914 695 985 ὁμοίως
719 914 795 985 τῷ
827 914 1198 984 πεπλασμένῳ
1228 913 1399 984 πατρὶ
1431 909 1737 974 κολασθεὶς,
1787 907 1981 981 βιαίως
2032 907 2130 962 καὶ
2169 908 2334 973 αύτδς
2364 909 2644 981 ἀπέρρηξε
2674 910 2774 980 τὴν
2796 911 2994 983 ψυχήν.
3031 912 3099 966 Ἦ
3133 914 3235 985 μὲν
3259 916 3353 969 οὖν
3399 920 3493 971 to;

251 1009 424 1079 θωμᾶ
449 1006 821 1090 ὶπανάστασις
850 1007 1045 1061 τοῦτον
1066 1006 1158 1059 τὸν
1188 1006 1396 1076 τρόπον
1411 1003 1779 1074 κατηύναστο.
1813 1003 1879 1056 Δί
1902 1002 1958 1055 δὲ
1989 1001 2266 1081 Θρᾳκικαὶ
2299 1001 2483 1065 πόλεις
2515 1003 2571 1056 αἱ
2599 1002 2878 1072 παράλιοι,
2914 1005 3177 1059 κάκείνου
3200 1009 3500 1082 παρελθόν-

248 1118 362 1166 τος,
388 1100 470 1153 ἔτι
512 1099 612 1168 τῆς
642 1098 883 1162 στάσεως
912 1100 1140 1171 εἴχοντο,
1174 1098 1268 1153 καὶ
1296 1097 1498 1168 μᾶλλον
1523 1095 1632 1150 τῶν
1654 1095 1832 1150 ἄλλων
1864 1094 1926 1148 τὸ
1950 1095 2150 1149 Πάνιον
2182 1094 2277 1147 καὶ
2316 1095 2345 1167 ἡ
2373 1093 2637 1163 Πέρινθος
2660 1092 2834 1164 (οὕτω
2863 1094 2972 1166 γάρ
3003 1096 3174 1149 πάλαι
3211 1098 3502 1170 ὠνόμαστο

249 1198 284 1264 ή
326 1193 665 1266 Ἡράκλεια)
694 1192 1016 1257 ἐστασίαζον
1041 1192 1086 1248 δ’
1110 1192 1191 1247 ἔτι
1216 1191 1367 1262 μίσει
1396 1191 1473 1261 τῷ
1499 1190 1636 1261 πρὸς
1657 1190 1750 1244 τὸν
1781 1188 2189 1259 αὐτοκράτορα.
2231 1186 2397 1241 Ἀλλά
2413 1188 2474 1241 τὸ
2509 1187 2609 1253 μὲν
2668 1187 2867 1242 Πάνιον
2895 1187 3109 1258 σεισμῷ
3161 1189 3256 1243 τοῦ
3286 1192 3502 1262 τείχους

254 1286 422 1339 αὐτοῦ
448 1286 731 1350 πεσόντος,
756 1284 922 1349 ἑάλω,
945 1286 980 1356 ἡ
1009 1284 1066 1338 δὲ
1104 1283 1400 1355 Ἡράκλεια
1420 1282 1509 1337 διὰ
1538 1283 1640 1352 τῆς
1667 1281 1943 1352 θαλάσσης
1980 1281 2207 1349 γέγονεν
2232 1279 2441 1349 ἀλωτή.
2499 1279 2685 1333 Ταῦτα
2729 1283 2910 1334 τοίνυν
2949 1280 3301 1348 κατορθώσας
3332 1285 3361 1337 6
3391 1287 3497 1340 Μι.

253 1381 415 1447 χαὴλ,
447 1378 698 1431 ἐπάνεισι
733 1375 1176 1447 τροπαιοφορῶν,
1230 1377 1323 1429 καὶ
1352 1372 1581 1429 ἱππικοῦ
1608 1372 1933 1443 τελουμένου
1963 1372 2199 1440 ἀγῶνος,
2226 1371 2354 1433 τοὺς
2381 1369 2460 1441 τῷ
2487 1369 2780 1460 Θωμίτὴν
2817 1370 3107 1442 τυραννίδα
3144 1376 3503 1448 συμπράξαν..

249 1495 349 1539 τις
382 1475 527 1537 ὄνοις
552 1471 918 1542 ὲφεζομένους
946 1471 1266 1541 εἰσαγαγὼν
1289 1473 1368 1534 είς
1401 1470 1464 1523 τὸ
1493 1468 1745 1540 θέατρον,
1784 1467 2088 1540 ὑπερορίαν
2139 1468 2322 1523 αὐτῶν
2351 1468 2698 1533 κατεδίκασε,
2734 1470 2809 1540 μή
2838 1487 2891 1523 τι
2937 1471 3098 1526 πλέον
3143 1477 3379 1543 κολάσας
3408 1482 3504 1534 αύ-

251 1567 397 1628 τοὺς,
420 1565 475 1616 εί
510 1564 585 1634 μή
618 1579 772 1626 τινας
795 1562 888 1616 δύο
909 1563 1003 1616 τὸν
1025 1563 1260 1634 Χοιρέαν
1290 1562 1385 1616 καὶ
1414 1564 1506 1617 τὸν
1537 1561 1873 1632 Ζαγορηνδν,
1904 1563 1981 1633 μὴ
2013 1562 2373 1632 πειθομένους
2401 1562 2537 1632 μηδὲ
2571 1562 2711 1633 μετά
2730 1563 2827 1634 τὴν
2877 1566 3176 1623 κατάλυσιν
3202 1569 3297 1624 τοῦ
3324 1572 3501 1645 Θωμᾶ

253 1660 591 1733 παραδοῦναι
623 1659 692 1712 τὰ
717 1656 980 1730 φρούρια,
1006 1658 1043 1713 ἃ
1067 1659 1505 1730 κατείχον,ὲλὼν,
1522 1658 1626 1712 -καὶ
1656 1658 2096 1722 ἀνασκολοπίσας
2130 1657 2448 1711 ἀπέκτεινε.

320 1757 450 1810 KA'.
480 1755 562 1826 Τῇ
588 1753 721 1822 γοῦν
746 1753 1055 1824 ἀποστασία
1085 1756 1153 1825 τῇ
1202 1754 1298 1808 τοῦ
1347 1755 1522 1824 emas
1566 1756 1663 1809 καὶ
1707 1757 1819 1818 τοῖς

1994 1752 2184 1808 XXIV.
2218 1754 2357 1807 Dum
2409 1752 2670 1808 Romanae
2712 1753 2909 1824 copiae,
2942 1754 3166 1812 Thomae
3196 1757 3505 1818 defectione

255 1844 541 1916 ἐμφυλίοις
568 1844 831 1915 πολέμοις
874 1844 983 1898 τῶν
1046 1843 1370 1915 Ῥωμαϊκῶν
1412 1844 1829 1916 ἀσχολουμένων

252 1938 557 2008 δυνάμεων,
585 1936 771 1991 ἄδειαν
794 1935 1093 2006 εὑρηκότες
1143 1938 1325 1990 πᾶσαν
1391 1938 1442 1990 οἱ
1493 1940 1627 2007 πρὸς
1661 1936 1829 1991 ἑσπέ-

254 2044 355 2098 ραν
404 2025 725 2099 ’Λγαρηνοὶ,
753 2025 804 2079 οἳ
838 2026 929 2078 τὸν
961 2026 1057 2094 τῆς
1084 2025 1325 2097 Ἰϐηρίας
1363 2026 1573 2079 οίκοῦσι
1604 2027 1825 2092 κόλπον,

252 2120 348 2175 καὶ
398 2118 649 2187 λέγονται
725 2116 993 2182 Ἰσπανοὶ,
1056 2117 1135 2187 τῷ
1215 2117 1465 2186 σφετέρῳ
1539 2115 1829 2186 προσίασιν

252 2212 505 2284 ἀρχηγῷ,
561 2211 622 2264 ὃν
664 2210 819 2264 αὐτοὶ
904 2210 1164 2285 καλοῦσιν
1244 2205 1664 2281 ἀμερμουμνῆν,
1733 2209 1828 2261 καὶ

254 2303 481 2376 ᾐτοῦντο
506 2301 764 2355 ἀποικίαν
803 2300 1141 2364 στείλασθαι,
1190 2299 1279 2354 διά
1334 2298 1537 2369 πλῆθος
1565 2313 1827 2368 στενοχω-

259 2394 533 2465 ρούμενοι.
559 2395 825 2458 Κάκεῖνος
865 2394 1181 2458 κατένευσε,
1214 2393 1309 2446 καὶ
1365 2390 1586 2454 τούτους
1640 2404 1826 2458 παρα-

256 2485 438 2540 λαϐὼν
471 2486 565 2539 σὺν
623 2491 906 2556 τριήρεσιν
932 2483 1269 2549 ἀπέπλευσε,
1336 2483 1439 2545 τάς
1494 2482 1600 2534 ύπδ
1693 2479 1828 2532 Ῥω-

257 2580 455 2651 μαίους
496 2579 693 2649 νήσους
730 2574 1038 2647 περιελθών
1101 2591 1161 2628 τε
1196 2575 1289 2628 καὶ
1305 2571 1758 2644 ληϊζόμενος.)ος
1782 2569 1828 2623 δ’

254 2665 359 2741 ἧκε
393 2668 486 2722 καὶ
519 2670 600 2733 είς
631 2669 728 2738 τὴν
755 2669 985 2739 Κρήτην
1011 2666 1115 2737 (9),
1146 2665 1243 2721 καὶ
1281 2665 1342 2719 τὸ
1378 2664 1584 2735 ταύτης
1618 2662 1826 2731 ἔγνωκε

254 2762 567 2833 πάμφορον,
601 2762 730 2825 τοὺς
765 2761 866 2833 μὲν
906 2760 1193 2824 πλείστους
1228 2760 1313 2823 είς
1358 2760 1513 2812 λείαν
1544 2757 1827 2826 ἐκπέπομ-

254 2855 560 2924 φεν,αὑτδς
639 2853 697 2906 δὲ
757 2853 876 2922 μετ’
942 2850 1143 2919 ὀλίγων
1217 2851 1299 2914 είς
1355 2847 1603 2920 φυλακὴν
1662 2846 1828 2917 δῆθεν

254 2943 650 3018 παραλειφθεὶς
674 2942 785 2997 τῶν
817 2941 991 3012 νηῶν,
1016 2942 1128 3011 πῦρ
1153 2939 1380 2994 ὲνέδαλε
1447 2938 1569 2994 κατ’
1619 2937 1823 3003 αὐτῶν,

251 3038 348 3092 καὶ
438 3036 621 3097 πάσας
685 3035 982 3103 ἐνέπρησε.
1063 3030 1531 3103 Τεθορυὸημένων
1608 3030 1666 3085 δὲ
1716 3030 1826 3084 τῶν

262 3124 587 3196 ’Δγαρηνῶν
615 3124 703 3177 διὰ
731 3123 911 3187 τοῦτο,
938 3125 1037 3178 καὶ
1082 3126 1181 3194 τὴν
1212 3123 1393 3178 αἰτίαν
1446 3122 1777 3195 ζητούντων,
1803 3124 1837 3177 6

258 3217 443 3290 ’Δχαψ
504 3215 669 3289 (οὕτω
743 3213 852 3284 γὰρ
902 3217 929 3267 6
994 3214 1145 3284 σφῶν
1206 3213 1491 3282 ὠνόμαστο
1547 3214 1831 3284 ἀρχηγὸς),

272 3307 581 3361 ’Δποικίαν
600 3304 866 3374 ᾐτεῖσθε,
893 3305 1080 3375 φησὶν,
1108 3304 1241 3358 ιδοὺ
1263 3305 1470 3359 τοίνυν
1486 3304 1643 3375 χώρα
1658 3304 1833 3373 ῥέου-

252 3412 337 3451 σα
357 3398 497 3466 μέλι
532 3396 632 3450 καὶ
669 3396 845 3465 γάλα,
873 3393 976 3448 καί
1007 3397 1237 3463 ταύτην
1284 3397 1694 3469 κατασχόντες
1744 3397 1829 3449 οὶ-

253 3487 772 3556 κήσατε.Ἑκείνων
788 3487 845 3538 δὲ
872 3486 1155 3549 εἰπόντων,
1176 3485 1280 3539 Καὶ
1315 3488 1386 3541 τὰ
1416 3487 1673 3555 φίλτατα
1692 3486 1828 3559 (i0),

261 3581 380 3634 ποῦ
409 3597 429 3644 ;
458 3583 485 3632 6
516 3579 699 3649 ’Δχαψ
749 3581 885 3651 (li),
948 3580 1241 3634 Ἐνταῦθα
1318 3579 1599 3647 γυναῖκές
1647 3582 1828 3641 εἰσιν,

264 3669 699 3739 ἀνθυπήνεγκεν,
759 3669 826 3733 ἐξ
873 3665 960 3724 ὧν
1011 3668 1376 3739 γενήσονται
1451 3670 1547 3723 καί
1621 3668 1831 3731 παῖδες

265 3758 406 3829 ὑμῖν
447 3759 519 3813 οὐ
539 3757 688 3828 μετὰ
702 3760 954 3827 μακρόν.
980 3758 1202 3820 Τούτοις
1237 3754 1547 3817 πεισθέντες
1579 3755 1628 3807 oi.
1651 3755 1713 3805 ὲκ
1729 3754 1829 3823 τῆς

265 3849 445 3918 Ἀγαρ
476 3850 576 3918 τήν
607 3864 665 3900 τε
711 3847 877 3917 νῆσον
916 3847 1006 3914 ὑφ’
1041 3845 1272 3908 ἑαυτοὺς
1324 3844 1672 3914 ἐποιήσαντο,
1736 3844 1830 3897 καὶ

260 3940 387 3999 τοὺς
427 3939 736 4005 ἀντιγενεϊς
774 3936 1170 3992 ἐδουλώσαντο.
1204 3937 1273 3992 Ὅ
1315 3954 1375 3989 τε
1405 3937 1507 3990 καὶ
1554 3935 1825 4005 Κύριλ).ος

257 4027 582 4099 όΓορτύνης
645 4029 970 4093 ἐπίσκοπος,
1049 4027 1293 4096 ἀθλήσας
1367 4025 1508 4097 ὑπὲρ
1568 4024 1827 4099 Χριστοῦ,

262 4120 567 4189 μαρτυρίου
606 4119 906 4188 κεκόμιστο
930 4117 1214 4187 στέφανον.
1252 4117 1536 4186 Θανούσης
1595 4118 1654 4171 δὲ
1730 4118 1829 4187 τῆς

262 4212 502 4281 συζύγου
525 4210 603 4282 τῷ
632 4210 872 4280 βασιλεῖ,
912 4211 1127 4273 ἐκεῖνος
1187 4210 1514 4281 ὑπεκρίνετο
1566 4210 1666 4280 μὲν
1746 4211 1829 4273 είς

255 4306 316 4358 τὸ
350 4304 626 4372 προφανὲς
683 4302 960 4372 δευτέροις
1015 4303 1269 4373 ὁμιλῆσαι
1326 4303 1527 4372 γάμοις
1581 4304 1655 4371 μὴ
1705 4301 1829 4371 βού-

1932 1846 2201 1914 bellisque
2255 1843 2509 1899 civilibus
2557 1853 2922 1915 occupantur,
2981 1847 3212 1918 Δεστεηί
3247 1851 3505 1907 occiden-

1932 1938 2089 2004 tales,
2123 1937 2281 1993 sinus
2312 1937 2509 1993 lberiei
2563 1936 2780 2001 incolae,
2815 1938 2909 2010 qui
2939 1938 3164 2010 Hispani
3214 1954 3502 2005 vocantur.

1931 2039 2149 2099 arrepta
2204 2029 2517 2094 occasione,
2571 2043 2600 2083 a
2652 2044 2755 2085 suo
2783 2029 2946 2096 duce,
2996 2047 3161 2101 quem
3217 2033 3505 2090 Amermu-

1930 2135 2114 2175 mnem
2153 2130 2372 2186 vocant,
2400 2120 2648 2178 locorum
2674 2121 2850 2176 coacti
2881 2123 3170 2193 angustiis,
3201 2127 3503 2195 petierunt.

1930 2220 1993 2266 ut
2045 2211 2319 2266 coloniam
2370 2211 2693 2268 deduceret.
2739 2213 2946 2273 Annuit
3005 2214 3119 2279 ille,
3180 2224 3237 2272 et
3270 2232 3395 2290 cum
3424 2220 3505 2273 eis

1929 2301 2250 2357 triremibus
2300 2302 2574 2372 impositis
2613 2302 2819 2369 solvit,
2863 2304 3181 2375 insulasque
3231 2306 3504 2365 Romanas

1928 2394 2126 2450 obiens
2174 2394 2488 2464 populatur.
2546 2395 2611 2451 Ut
2669 2405 2854 2450 autem
2914 2398 2969 2451 in
3018 2396 3236 2454 Cretam
3286 2416 3504 2473 quoque

1928 2484 2100 2549 venit,
2154 2487 2275 2554 ejus
2316 2485 2599 2541 fertilitate
2654 2488 2892 2552 cognita,
2946 2491 3237 2548 maximam
3292 2505 3502 2562 partem

1929 2573 2235 2642 praedatum
2300 2574 2499 2639 mittit,
2557 2575 2672 2644 ipse
2727 2592 2853 2632 cum
2913 2580 3106 2653 paucis
3157 2582 3226 2635 ad
3280 2584 3501 2639 navium

1929 2661 2234 2717 custodiam
2271 2664 2520 2728 relictus,
2550 2664 2674 2733 igne
2711 2666 2916 2737 injecto
2945 2684 3136 2726 omnes
3164 2681 3392 2728 cremat.
3421 2675 3504 2728 0h

1929 2753 2080 2823 quod
2120 2754 2324 2809 factum
2361 2756 2626 2826 Agarenis
2667 2758 3152 2828 tumultuantibus,
3183 2770 3239 2817 et
3281 2778 3501 2818 causam

1928 2846 2050 2917 ejus
2102 2846 2535 2917 requirentibus,
2580 2849 2799 2920 Achaps
2842 2850 2927 2922 (id
2961 2851 3109 2907 enim
3150 2853 3277 2909 duci
3307 2870 3501 2911 eorum

1929 2952 2128 2996 nomen
2154 2944 2332 3006 erat):
2374 2936 2666 3006 Coloniam,
2700 2939 2901 3010 inquit,
2926 2943 3146 3010 petiistis
3170 2957 3190 2997 :
3221 2943 3305 2998 En
3335 2947 3503 3016 regio-

1930 3043 2051 3083 nem
2067 3028 2203 3082 lacte
2215 3036 2266 3081 et
2287 3028 2439 3082 melle
2460 3029 2941 3085 manantemﬂanc
2956 3042 3202 3101 occupate
3217 3043 3263 3086 et
3275 3033 3501 3090 incolite.

1935 3118 2072 3174 Cum
2104 3132 2237 3173 vero
2277 3118 2356 3172 illi
2385 3118 2637 3174 dicerent
2662 3136 2676 3172 :
2710 3119 2903 3175 Nostra
2929 3137 3050 3177 vero
3078 3123 3393 3181 charissima
3416 3128 3507 3180 ubi

1933 3209 2106 3264 sunt?
2139 3207 2422 3278 respondit
2449 3226 2463 3262 :
2497 3208 2747 3267 Mulieres
2791 3219 2912 3264 sunt
2937 3229 2964 3266 e
2991 3212 3177 3282 quibus
3200 3215 3361 3285 paulo
3388 3227 3506 3286 post

1935 3303 2124 3358 liberos
2180 3303 2492 3368 suscipietis.
2556 3301 2655 3356 His
2702 3301 2939 3373 Agareni
2997 3305 3266 3373 persuasi,
3328 3306 3506 3364 insula

1933 3396 2187 3459 subacta.
2220 3394 2509 3465 indigenas
2560 3394 2614 3449 in
2645 3395 2970 3450 servitutem
3007 3397 3355 3468 redegerunt.
3387 3400 3507 3467 Quo

1934 3495 2182 3556 tempore
2224 3485 2463 3557 Cyrillus
2513 3485 2811 3556 Gortynius
2836 3487 3129 3557 episcopus
3164 3505 3265 3559 pro
3298 3491 3505 3547 Christi

1933 3577 2257 3632 defensione
2331 3576 2614 3645 martyrii'
2647 3593 2910 3633 coronam
2990 3582 3223 3649 accepit.
3291 3582 3504 3641 Interea

1932 3666 2272 3735 imperator,
2329 3680 2501 3720 uxore
2551 3672 2786 3732 mortua,
2850 3682 2913 3722 se
2968 3682 3003 3725 a
3055 3670 3315 3726 secundis
3349 3672 3508 3744 140

1932 3755 2143 3826 nuptiis
2190 3756 2487 3812 abhorrere
2516 3755 2693 3825 palam
2727 3771 2839 3826 prae
2888 3769 2947 3814 se
3004 3758 3208 3825 ferens,
3264 3762 3406 3817 clam
3435 3767 3502 3818 ad

1932 3859 2158 3903 senatus
2212 3847 2491 3918 principes
2549 3847 2879 3903 missitando
2945 3849 3220 3918 perfecit,
3280 3860 3341 3906 ut
3398 3852 3502 3924 ipsi

1931 3948 2202 4009 peterent,
2244 3948 2304 3994 ut
2336 3939 2563 3995 alteram
2598 3939 2825 3994 duceret
2850 3956 3096 3997 uxorem.
3159 3943 3231 3999 Ea
3274 3943 3503 4000 simula-

1931 4028 2007 4083 tio
2063 4027 2289 4084 honesta
2339 4030 2521 4099 specie
2560 4044 2671 4084 non
2706 4031 2942 4086 carebat.
2977 4032 3165 4103 Neque
3195 4034 3343 4090 enim
3375 4050 3507 4089 con-

1929 4120 2142 4185 venire,
2186 4129 2246 4175 ut
2281 4121 2382 4190 ipsi
2414 4120 2483 4175 ab
2535 4121 2868 4190 imperatore
2908 4133 3249 4193 regerentur,
3303 4139 3504 4179 uxorcs

1929 4224 2062 4265 vero
2092 4224 2203 4264 suae
2235 4209 2636 4279 imperatricem
2668 4225 2779 4266 non
2812 4211 3098 4268 haberent.
3127 4213 3353 4270 Michael
3381 4230 3502 4269 eam

1930 4300 2250 4370 petitionem
2317 4302 2587 4371 principio
2654 4302 3064 4373 tergiversando
3113 4305 3350 4374 repulit,
3406 4306 3502 4360 sed

261 4394 471 4457 λεσθαι,
511 4392 752 4463 κρύϐδην
782 4392 840 4445 δὲ
860 4392 996 4462 πρὸς
1021 4395 1146 4456 τοὺς
1216 4392 1432 4463 ἐξόχους
1491 4393 1588 4462 τῆς
1640 4410 1829 4463 γερου-

1940 4391 2049 4446 illis
2078 4392 2405 4447 instantibus
2434 4392 2593 4447 Iidem
2624 4392 2729 4447 sibi
2761 4393 2877 4448 dari
2909 4394 3089 4463 petiit,
3127 4394 3173 4450 si
3205 4396 3411 4451 vellent
3444 4407 3504 4449 ut

265 4485 387 4547 σίας
422 4485 899 4556 διαπεμπόμενος,
943 4483 1229 4551 ἀξιοῦσθαι
1279 4483 1409 4555 παρ’
1468 4484 1647 4537 αὐτῶν
1686 4503 1831 4557 παρ-

278 4570 579 4635 εσκεύαζεν
603 4573 798 4641 ἑτέραν
831 4574 924 4627 τοῦ
980 4573 1094 4643 βίου
1124 4572 1380 4629 κοινωνὸν
1409 4571 1828 4631 εἰσοικίσασθαι.

268 4663 377 4715 Καὶ
416 4661 678 4733 ήσκῆψις
741 4662 816 4725 ὡς
868 4665 1189 4733 εύπρεπής’
1241 4663 1412 4717 δεινδν
1466 4663 1575 4735 γὰρ
1622 4662 1831 4731 ἔφασαν

261 4751 400 4808 εἶναι
448 4754 594 4823 ἡμᾶς
644 4754 758 4822 ,μὲν
817 4753 1197 4824 βασιλεύεσθαι
1249 4754 1398 4824 παρά
1450 4754 1567 4816 σοῦ,
1636 4754 1737 4817 τὰς
1784 4755 1830 4807 δ’

262 4845 419 4914 ἡμῶν
510 4846 800 4908 συνοίκους
858 4844 1131 4917 βασιλίδος
1175 4844 1581 4914 στερίσκεσθαι.
1658 4847 1717 4899 ὐ
1772 4845 1831 4899 δὲ

264 4939 532 5009 πρότερον
562 4938 663 5007 μὲν
687 4936 1033 5008 ἀκιζόμενος,
1058 4935 1155 5007 τὴν
1184 4936 1407 5002 ἀξίωσιν
1432 4938 1493 4990 ού
1523 4936 1831 5007 προσίεται.

266 5026 660 5098 Λιπαρούντων
688 5030 734 5082 δ’
798 5030 1043 5091 ἐκείνων,
1072 5027 1293 5101 ,πίστεις
1343 5028 1404 5092 ἐξ
1454 5028 1635 5083 αὐτῶν
1692 5029 1836 5101 ἀπῄ-

263 5132 343 5167 τει
383 5120 432 5169 εί
465 5117 741 5187 βούλοιντο
760 5117 1068 5187 ἀγαγέσθαι
1088 5118 1254 5170 αὐτὸν
1290 5117 1562 5187 βασιλίδα,
1597 5119 1674 5184 ὡς
1736 5120 1831 5174 καὶ

265 5209 405 5271 μετὰ
435 5209 668 5262 θάνατον
692 5208 859 5262 αὐτοῦ
903 5209 1148 5280 βασιλίδα
1208 5209 1414 5281 ταύτην
1477 5210 1681 5277 ἕξουσι,
1736 5212 1830 5265 καὶ

1937 4483 2341 4552 imperatricem
2390 4483 2640 4548 duceret,
2677 4492 2739 4538 ut
2773 4499 2893 4539 eam
2942 4500 3001 4540 se
3033 4500 3253 4556 quoque
3287 4495 3505 4541 mortuo

1936 4572 2339 4641 imperatricem
2390 4581 2774 4643 agnoscerent,
2814 4581 2872 4628 et
2925 4573 3130 4630 liberos
3162 4588 3225 4630 ea
3251 4584 3410 4629 natos
3444 4586 3506 4630 ut

1937 4661 2298 4731 imperatores
2330 4661 2694 4717 bonorarent.
2729 4661 2860 4730 Qua:
2888 4679 3011 4718 cum
3043 4672 3267 4720 senatus
3297 4666 3505 4737 scripto

1936 4749 2301 4821 promisisset.
2361 4758 2417 4806 et
2443 4752 2559 4820 ipse
2593 4751 2661 4807 de
2685 4750 2811 4808 ﬁcta
2843 4753 2932 4809 illa
2972 4754 3277 4824 pertinacia
3311 4757 3503 4812 deces-

1935 4842 2028 4908 sit,
2057 4857 2226 4897 uxore
2255 4841 2417 4897 ducta
2451 4841 2834 4915 Euphrosyna,
2868 4860 2991 4915 qua:
3011 4844 3122 4900 illia
3155 4845 3501 4907 Constantini

1934 4932 2302 5002 imperatoris,
2334 4944 2498 5001 quem
2538 4939 2714 4987 mater
2740 4933 2898 4989 [rene
2933 4934 3016 5007 (ut
3042 4934 3303 5008 diximus)
3336 4950 3505 4992 excae-

1932 5021 2096 5086 cavit,
2150 5034 2271 5077 esse
2316 5020 2626 5087 dicebatur,
2675 5029 2732 5076 et
2771 5022 2944 5078 multo
2990 5032 3119 5081 ante
3168 5034 3326 5082 tonsa
3361 5027 3502 5081 inter

1934 5115 2234 5171 monachas
2283 5116 2534 5188 religioni
2581 5117 2637 5171 in
2666 5116 2849 5173 insula
2894 5118 3167 5190 Principis
3203 5118 3439 5182 deditas,
3472 5133 3505 5173 a

1932 5207 2112 5278 primo
2143 5207 2341 5276 capillo
2390 5208 2556 5261 vitam
2572 5208 2802 5278 ‘agehat.
2860 5208 3180 5266 Patriarcha
3211 5210 3500 5265 Theodoto

1440 5348 1642 5409 Varie
1685 5347 1994 5412 lectiones
2031 5352 2092 5408 et
2124 5354 2313 5408 notas.

333 5487 416 5562 (9)_
435 5490 537 5557 Εῑς
562 5492 679 5559 τὴν
701 5493 960 5562 Κρήτην.
983 5493 1132 5549 lianc
1151 5493 1585 5548 Sarracenorum
1620 5494 1674 5547 in
1701 5492 1835 5547 Cre-

262 5566 372 5634 tam
404 5559 1076 5634 insulamexpeditionem
1113 5564 1275 5634 attgit
1315 5572 1586 5631 praeterea
1637 5571 1837 5617 auctor

265 5627 481 5703 Vit:e_S.
509 5631 717 5703 Nicolai
745 5627 999 5703 Studitze,
1034 5649 1089 5703 ρ.
1129 5627 1257 5703 89ἱ.

334 5698 446 5769 (l0)
478 5701 590 5759 Καὶ
621 5703 693 5759 τὰ
712 5698 994 5772 φίλτατα
1034 5698 1168 5759 ποῦ.
1209 5702 1449 5773 Symeon
1477 5701 1703 5773 Lognth.
1732 5701 1842 5755 Kal.

1944 5489 2048 5542 ποῦ
2076 5488 2142 5542 τὰ
2176 5487 2344 5541 dum
2376 5488 2470 5540 καὶ
2500 5487 2600 5551 τὰς
2627 5490 2897 5558 γυναῖκας
2930 5485 3090 5557 ἡμῶν
3144 5486 3500 5558 Αεύρήσομενς

1944 5505 2048 5542 που
2076 5504 2142 5542 τα
2176 5504 2344 5541 τεκνα
2376 5504 2470 5540 και
2500 5504 2600 5551 τας
2627 5504 2895 5556 γυναικας
2930 5504 3090 5557 ημων
3151 5504 3312 5609 stipat:

1939 5560 2165 5630 Aﬂ'ectus
2194 5568 2392 5612 vocant
2413 5558 2629 5630 _Latini.
2657 5558 2801 5630 Vide
2829 5556 3000 5630 Gloss.
3032 5556 3169 5630 rned.
3209 5568 3312 5630 _at.

2018 5631 2128 5696 (All)
2162 5630 2375 5697 ’Λχαῄκ
2411 5628 2676 5697 Ἀπόχατ,
2700 5626 2981 5697 ,ὃγητεοῐιί
3033 5625 3265 5697 Lugotlt.
3326 5645 3386 5682 n.
3419 5625 3503 5686 ιε

1947 5696 2469 5766 ’Δπόκαφ,“(ὶοιιιίη.
2501 5696 2832 5765 Τίιοοριιμι.
2861 5710 2922 5763 ιι,
2958 5711 3010 5752 n.
3044 5696 3136 5750 21.
3160 5764 3183 5774 η
3222 5716 3233 5722 -
