3958 6204
474 308 615 373 i399

468 438 588 480 esse
622 421 953 493 suspicatus,
985 428 1297 477 commotus
1333 429 1390 476 et
1423 422 1501 477 ira
1535 429 1772 478 aestuans
1803 421 2035 491 impera-
2066 423 2115 479 Δ

470 517 661 572 tricem
704 515 947 582 accedit,
993 522 1048 570 et
1080 514 1494 571 contumeliosis
1527 514 1690 571 dictis
1734 514 2034 575 insectans,

454 605 810 661 'idololatram
853 600 1110 674 appellat,
1151 618 1324 673 eaque
1356 604 1525 660 refert
1556 619 1677 675 qua:
1715 619 1745 658 a
1784 603 2034 659 Dendere

468 695 549 768 (id
580 695 725 752 enim
761 696 913 750 fatuo
947 710 1150 749 nomen
1181 696 1319 765 erat)
1354 696 1674 752 audivisset.
1709 697 1910 751 Verum
1942 694 2033 749 illa

468 788 724 845 maritum
746 787 977 843 solerter
1005 786 1258 856 decepit:
1286 786 1469 855 Neque
1494 790 1656 853 enim,
1682 786 1880 857 inquit,
1902 787 2071 851 ϋηο-κ

466 881 612 952 giae:
649 879 778 933 vidit
823 876 1111 943 Denderis,
1149 880 1241 931 sed
1290 895 1407 933 cum
1463 877 1732 947 speculum
1780 879 2033 941 intuerer,

466 969 663 1036 formas
689 981 804 1037 qua:
830 967 886 1021 in
912 982 968 1020 eo
985 967 1700 1037 reprwsentabantur,pupas
1726 966 2034 1037 appellavit.

466 1057 545 1111 Eo
587 1056 862 1126 probabili
910 1064 1258 1121 commento,
1292 1056 1637 1125 imperatoris
1680 1056 1817 1110 iram
1864 1055 2037 1110 decli-

419 1139 427 1145 ’
466 1146 619 1202 navit
672 1146 1029 1217 furoremque
1054 1146 1234 1202 leniit.
1261 1146 1396 1201 Nam
1425 1161 1549 1203 cum
1576 1162 1767 1202 omnes
1797 1147 1850 1201 in
1881 1162 2033 1201 suam

465 1239 804 1310 impietatem
845 1234 1168 1309 pertrab'ere
1208 1242 1476 1302 studeret,
1517 1252 1694 1294 saevus
1739 1238 2033 1293 admodum

464 1344 594 1401 erga
625 1330 745 1399 pios
778 1329 902 1395 fuit,
933 1337 989 1384 et
1020 1337 1079 1385 ut
1100 1329 1351 1400 justitiaa,
1388 1328 1468 1384 sic
1495 1336 1552 1385 et
1580 1330 1699 1398 ejus
1727 1344 1889 1400 quam
1919 1330 2034 1399 ipse

464 1421 732 1491 probabat
777 1422 1003 1492 pietatis
1047 1424 1355 1477 acerrimus
1401 1421 1679 1488 defensor,
1724 1422 1974 1478 subditos
2003 1438 2034 1478 a

463 1511 615 1566 cultu
647 1509 948 1580 imaginum
985 1511 1257 1566 abducere
1294 1512 1486 1567 insano
1520 1513 1706 1568 studio
1736 1514 2036 1569 contende-

464 1602 579 1667 bat,
603 1602 862 1673 eaquede
884 1618 1045 1659 causa
1067 1603 1268 1658 multos
1294 1603 1592 1674 puniebat:
1624 1614 1683 1659 ut
1707 1618 1823 1667 eos,
1843 1619 2034 1673 quem-

465 1693 761 1750 admodum
804 1696 1187 1765 intemperanti
1233 1696 1414 1766 lingua
1459 1695 1711 1761 dicebat,
1757 1695 1826 1751 ab
1858 1696 2029 1751 idolo-

464 1785 644 1839 mania
697 1785 1032 1855 depelleret,
1097 1802 1161 1842 ac
1215 1788 1417 1842 multos
1474 1790 1823 1845 eonfessores
1876 1789 2028 1846 fecit.
2069 1766 2111 1823 Β

460 1869 728 1925 Joannem
782 1871 1128 1942 Syncellum,
1178 1890 1289 1944 quo
1339 1876 1600 1944 magistro
1646 1891 1779 1933 usus
1825 1878 2027 1945 fuerat,

463 1961 762 2030 impietatis
810 1977 923 2018 suae
972 1966 1220 2032 socium,
1271 1967 1429 2039 145
1466 1970 1534 2025 ad
1578 1970 1857 2040 Agarenos
1904 1985 2029 2025 cum

462 2052 714 2108 maximis
738 2053 935 2135 opibus
972 2055 1266 2127 ablegavit,
1298 2042 1514 2127 imperii
1546 2057 1779 2113 Romani
1810 2058 2032 2114 divitias

461 2151 876 2209 ostentaturus,
919 2162 1153 2215 quarum
1210 2149 1504 2204 nonnullas
1553 2166 1743 2206 eorum
1795 2150 2031 2220 principi

461 2236 609 2289 dono
641 2235 811 2301 misit,
835 2238 1130 2292 nonnullas
1160 2238 1357 2294 Joanni
1394 2241 1462 2295 ad
1496 2241 1862 2296 ministerium
1889 2242 2032 2296 assi-

459 2325 682 2394 gnavit,
736 2324 883 2382 inter
924 2340 1061 2395 quas
1109 2327 1220 2384 duo
1265 2344 1487 2400 quoque
1534 2332 1792 2387 malluvia
1842 2347 2028 2397 aurea,

458 2414 693 2483 gemmis
717 2415 981 2472 distincta
1006 2417 1253 2485 fuerunt,
1281 2422 1571 2490 exquisita
1598 2423 1734 2478 artis
1758 2424 2031 2493 elegantia

458 2507 759 2572 adornata,
809 2516 1119 2580 praeterque
1170 2520 1369 2566 caetera
1413 2513 1600 2586 omnia
1654 2515 1852 2586 signati
1910 2517 2031 2571 auri

459 2598 810 2655 cetttenarios
850 2599 1213 2672 quadraginta
1254 2602 1307 2658 ei
1349 2584 1567 2661 dedisse
1593 2584 1940 2676 perbibetur,
1972 2618 2032 2662 ut

457 2688 735 2760 Agarenos
774 2706 914 2761 quos
957 2694 1123 2749 vellet
1171 2694 1486 2772 liberaliter
1511 2707 1569 2752 et
1607 2697 1895 2768 magnifice
1930 2698 2031 2752 do—

403 2804 411 2808 >
458 2787 639 2846 naret,
667 2780 851 2850 itaque
880 2784 1215 2852 percelleret
1246 2786 1541 2853 Barbaros,
1572 2787 1667 2858 qui
1701 2803 1825 2844 cum
1854 2796 2033 2844 tantas

461 2882 598 2938 Opes
620 2871 999 2929 ministrorum
1021 2875 1372 2946 imperatoris
1393 2893 1513 2934 esse
1537 2888 1852 2944 cernerent,
1881 2878 2031 2951 cogi-

461 2970 662 3026 tarent,
708 2964 930 3032 quantis
972 2964 1089 3035 ipse
1120 2967 1333 3023 divitiis
1364 2969 1656 3040 potiretur.
1690 2970 1742 3025 Is
1776 2970 1944 3042 igitur
1973 2970 2030 3024 in

462 3054 653 3143 urbem
695 3054 930 3126 Bagdam
974 3058 1255 3127 profectus
1294 3059 1392 3129 (ea
1436 3069 1596 3116 vetus
1638 3060 1882 3133 Babylon
1912 3071 2028 3129 est)
2057 3079 2103 3143 ρ

460 3157 588 3197 cum
618 3141 673 3196 in
708 3144 976 3215 principis
1009 3158 1363 3217 conspectum
1399 3149 1679 3214 venisset,
1723 3149 2031 3219 oblatisque

458 3230 811 3301 imperatoris
853 3235 1177 3289 muneribus
1227 3251 1350 3290 eum
1398 3251 1465 3291 co
1514 3238 1820 3295 collocutus
1862 3251 2028 3307 esset,

458 3339 584 3380 cum
612 3325 682 3379 ob
707 3325 843 3391 haec,
885 3335 1000 3379 tum
1043 3336 1269 3396 propter
1300 3326 1519 3384 dicendi
1562 3330 1671 3384 vim
1719 3333 1857 3399 (erat
1882 3334 2029 3387 enim

460 3416 517 3473 in
549 3414 935 3485 congressibus
978 3430 1242 3487 perquam
1270 3418 1530 3490 disertus)
1562 3430 1613 3476 et
1644 3423 1694 3475 in
1738 3422 1946 3478 honore
1976 3432 2033 3479 et

460 3508 517 3561 in
548 3505 912 3563 admiratione
953 3506 1078 3562 fuit.
1105 3508 1375 3565 Barbaros
1400 3508 1596 3565 ‘tanten
1630 3527 1728 3566 sua
1764 3527 1895 3584 erga
1936 3528 2034 3568 eos

461 3586 1053 3669 muniﬁcentia-magis
1082 3599 1470 3671 obstupefecit.
1511 3602 1649 3657 Nam
1688 3603 1735 3658 si
1778 3605 1871 3673 qui
1903 3620 2029 3660 eum

459 3688 896 3754 conveniebant,
929 3705 1046 3746 sive
1075 3706 1107 3746 a
1139 3705 1241 3747 suo
1267 3691 1514 3762 principe
1548 3694 1697 3749 missi
1717 3734 1731 3757 ,
1766 3695 1879 3749 sive
1909 3695 2033 3751 aliis

457 3777 526 3835 de
550 3779 759 3845 causis,
813 3795 911 3836 eos
936 3796 1135 3852 magna
1164 3785 1397 3852 pecunia
1420 3785 1680 3851 donabat,
1709 3795 1768 3840 ut
1790 3788 1881 3855 qui
1910 3802 2030 3841 eam

459 3868 796 3939 acciperent,
819 3877 875 3925 et
892 3870 1217 3940 gauderent,
1236 3880 1295 3927 et
1312 3872 1664 3929 mirarentur.
1688 3873 1824 3930 Cum
1849 3884 2030 3930 autem

462 3961 579 4028 ipse
613 3960 911 4030 aliquando
955 3962 1026 4017 ab
1063 3961 1458 4020 Amermumne
1501 3965 1570 4020 ad
1614 3967 1926 4022 convivium
1975 3968 2032 4022 in

455 4052 604 4108 mdes
636 4052 786 4109 illius
819 4053 1081 4110 invitatus
1109 4065 1254 4110 esset
1283 4096 1297 4119 ,
1337 4056 1573 4111 alterum
1604 4072 1670 4113 ex
1699 4054 1885 4114 aureis
1928 4058 2033 4116 illis

457 4144 736 4201 malluviis
767 4160 956 4202 secum
998 4147 1207 4213 attulit,
1249 4156 1308 4203 ut
1347 4164 1545 4218 aquam
1589 4150 1842 4223 manibus
1884 4151 2034 4207 illius

459 4234 790 4293 affuuderet.
826 4235 982 4303 Quod
1017 4253 1142 4293 cum
1177 4239 1522 4310 negligenter
1550 4240 1753 4295 alicubi
1791 4242 2030 4310 positum

455 4337 604 4386 esset
649 4329 748 4396 (ita
788 4331 938 4386 enim
983 4332 1249 4387 ministris
1280 4332 1397 4386 suis
1437 4332 1677 4388 Joannes
1720 4334 2029 4401 mandarat,

460 4428 522 4477 ut
549 4421 783 4495 periret)
812 4438 841 4477 a
879 4424 1117 4493 quodam
1143 4431 1230 4479 est
1259 4432 1601 4495 surreptum,
1627 4426 2030 4496 quaesitumque
2063 4408 2105 4463 θ

457 4529 727 4584 nusquam
755 4521 1085 4586 comparuit.
1127 4514 1352 4571 Barbari
1390 4517 1560 4588 igitur
1589 4529 2027 4588 murmurarunt,

458 4615 516 4663 et
545 4609 783 4678 pretium
815 4611 963 4667 illius
992 4619 1048 4666 et
1088 4610 1414 4681 elegantiam
1447 4619 1839 4681 exaggerantes
1866 4624 1881 4663 :
1914 4610 2031 4680 ipse

461 4713 597 4754 vero
619 4715 744 4755 cum
758 4715 878 4756 eam
901 4703 1174 4771 iacturam
1199 4702 1304 4757 sibi
1329 4717 1477 4757 curae
1500 4718 1609 4757 non
1630 4717 1753 4758 esse
1774 4701 2029 4766 dixisset,

462 4805 560 4847 eos
599 4791 964 4862 obstupefecit
992 4810 1155 4864 quem
1193 4804 1398 4850 tantam
1444 4811 1558 4851 rem
1603 4795 1877 4865 negligere
1907 4805 2033 4847 cer-

461 4890 699 4947 nerent,
734 4890 789 4936 et
820 4899 851 4939 a
892 4884 1162 4941 ministris
1190 4886 1426 4940 alterum
1472 4884 1658 4940 aﬂ'erri
1691 4884 1889 4955 jussit,
1924 4899 2036 4954 quo

462 4974 629 5031 allato
662 4975 834 5047 magis
863 4978 1026 5031 etiam
1059 4978 1311 5034 admirati
1347 4986 1495 5032 sunt.
1528 4977 1634 5033 Sed
1667 4986 1723 5033 et
1754 4977 2038 5049 Agareno-
2074 5016 2083 5021 -

462 5085 586 5126 rum
628 5071 887 5143 princeps
934 5072 1175 5128 vicissim
1226 5072 1685 5144 magnificentiam
1729 5080 2035 5136 ostentans,

459 5161 731 5220 Joannem
763 5165 977 5235 magnis
1009 5164 1331 5220 muneribus
1359 5164 1564 5231 affecit,
1601 5172 1809 5236 etpost
1840 5173 2038 5221 caetera

1732 305 2055 368 JOANNIS
2093 304 2416 365 ΖΟΝΑΒᾸΞ

3612 306 3765 375 L100

2144 417 2320 470 ὲκείνο
2350 416 2730 489 ἀνθρωπάριον
2757 413 2829 468 τὰ
2852 413 2975 468 θεῖα
3005 413 3349 486 θεασάμενον
3384 416 3763 489 ἔκτυπὼμα-

2140 525 2230 573 τα,
2261 507 2316 561 τί
2344 507 2537 574 ταῦτα,
2583 508 2746 581 ἤρετο
2795 508 2897 578 τὴν
2949 506 3300 578 βασίλισσαν·
3351 511 3387 580 ἡ
3425 510 3487 564 δὲ
3515 511 3768 579 ἀφελῶς

2144 616 2259 662 πως
2287 599 2423 671 πρὸς
2451 601 2626 653 ἐκεῖνο
2674 597 2821 667 εἷπε,
2866 600 3060 656 Ταῦτα
3092 600 3165 655 τὰ
3193 600 3352 655 καλά
3387 620 3517 671 μου
3546 605 3765 657 νινία.

2154 689 2391 745 Ἐκεῖθεν
2418 691 2514 747 οὖν
2544 691 2756 755 ἐξελθὸν
2772 691 2832 745 τδ
2855 691 3182 762 παράφορον
3202 693 3381 746 ἐκεῖνο
3406 694 3759 763 ἀνδράρια-ι,

2142 776 2267 851 εὗρε
2294 781 2385 859 τδν
2411 782 2671 851 Θεόφιλον
2715 780 3067 851 ὲστιώμενον.
3098 782 3299 855 Ἠρετο
3328 783 3465 851 γοῦν
3501 786 3532 837 δ
3574 784 3753 854 βασι-

2141 872 2265 937 λεὺς
2317 873 2479 927 αὐτὸν
2506 874 2630 927 ὅθεν
2682 874 2810 945 ἥκοι
2835 890 2850 940 ;
2902 875 2960 929 '0
2989 874 3047 928 δὲ
3075 875 3229 944 παρὰ
3260 878 3325 945 τῇ
3356 876 3592 945 Μάννᾳ
3627 878 3753 946 (22}

2143 964 2478 1035 πορευθῆναι
2523 965 2863 1036 ἁντέφησεν.
2902 965 3070 1034 (οὕτω
3122 964 3233 1037 γὰρ
3262 965 3451 1020 ἐκάλει
3480 969 3594 1039 τὴν
3656 968 3752 1022 δέ·

2144 1058 2392 1127 σποιναν)
2423 1055 2568 1126 ἔχειν
2591 1056 2760 1127 αὐτὴν
2791 1055 2945 1126 ἔλεγε
2987 1057 3132 1110 νινία
3160 1058 3324 1113 καλά.
3360 1060 3615 1123 Εἰκόνας
3648 1060 3752 1113 οὖν

2141 1146 2282 1205 εἶναι
2328 1152 2396 1205 τὰ
2429 1151 2574 1204 νινία
2624 1150 2973 1221 ὑποτοπήσας
3005 1153 3033 1205 6
3080 1151 3344 1221 βασιλεὺς
3394 1152 3743 1223 ἑξὼργιστο,

2140 1244 2238 1296 καὶ
2269 1242 2404 1314 πρὸς
2433 1245 2532 1313 τὴν
2582 1241 2826 1312 βασιλίδα
2853 1241 3146 1313 πορεύεται
3179 1242 3363 1296 πνέων
3386 1242 3614 1312 θυμοῦ,
3649 1247 3743 1296 καὶ

2142 1334 2330 1406 ὕϐρεις
2363 1335 2624 1405 κατέχεεν
2650 1334 2892 1402 ἐκείνης,
2913 1333 3005 1387 καὶ
3028 1333 3412 1402 είδωλολάτριν
3443 1333 3734 1403 ὠνόμαζε,

2139 1428 2208 1481 τὰ
2238 1426 2506 1498 εἰρημένα
2541 1426 2695 1496 παρὰ
2726 1424 2819 1478 τοῦ
2850 1424 3070 1495 Δένδερι
3117 1422 3489 1491 διηγούμενος
3516 1439 3533 1454 ·
3592 1441 3721 1477 ουτω

2139 1520 2250 1589 γὰρ
2278 1519 2336 1589 το
2365 1518 2864 1587 παρακεκομμένον
2888 1518 3068 1570 ἐκεῖνο
3096 1517 3345 1569 ἐκαλεῖτο
3378 1516 3728 1586 ἀνθρώπιον.

2154 1611 2218 1663 Ἦ
2256 1608 2313 1661 δὲ
2337 1608 2518 1674 σοφῶς
2548 1608 2640 1662 τὸν
2671 1608 2840 1678 ἄνδρα
2870 1607 3271 1675 κατεσοφίσατο
3291 1625 3304 1638 ·
3343 1608 3428 1660 Οὐ
3483 1607 3602 1674 γὰρ
3651 1609 3733 1660 ει-

2141 1705 2323 1768 κόνας
2338 1698 2499 1755 εἶδεν
2528 1703 2561 1754 ὁ
2583 1697 2874 1767 Δένδερις,
2897 1699 3103 1765 ἔλεγεν,
3119 1698 3279 1753 ἀλλὰ
3306 1697 3388 1763 τῷ
3412 1701 3733 1767 κατόπτρῳ

2132 1812 2249 1863 μου
2279 1791 2754 1856 ἑνατενιζυύσης,
2793 1790 2898 1855 τὰς
2926 1789 3154 1844 ἐκεῖθεν
3177 1791 3728 1857 ἀντανακλωμένης

2132 1883 2285 1951 ἐώρα
2299 1884 2557 1951 μορφὰς,
2594 1881 2694 1933 καὶ
2728 1871 2950 1946 radiat;
2980 1880 3146 1933 νιν-[α
3173 1879 3515 1948 ὠνόμασεν.
3564 1880 3728 1933 υῦτω

2135 1971 2377 2032 πιθανῶς
2410 1961 2508 2022 τὸν
2539 1969 2698 2036 λόγον
2734 1968 3129 2036 συμπλάσασα,
3162 1969 3262 2038 τὴν
3291 1968 3468 2039 ὀργὴν
3496 1970 3594 2021 τοῦ
3631 1968 3724 2037 βαο

2136 2062 2324 2124 σιλέως
2345 2060 2606 2130 ἐμάλαξε,
2639 2059 2733 2113 καὶ
2761 2059 2853 2113 τὸν
2878 2058 3053 2129 θυμὸν
3075 2060 3492 2130 κατεστόρεσεν.
3524 2056 3635 2113 Ἦν
3663 2060 3723 2114 δὲ

2132 2154 2244 2215 τοῖς
2273 2149 2556 2204 εὐσεϐοῦσι
2584 2149 2706 2201 λίαν
2737 2147 2929 2218 βαρὺς,
2982 2146 3234 2201 σπεύδων
3275 2148 3481 2210 πάντας
3507 2148 3611 2217 τῆς
3632 2151 3716 2200 οι-

2134 2243 2288 2306 κείας
2333 2239 2646 2302 δυσσεϐείας
2676 2238 3009 2309 ποιήσασθαι
3044 2240 3352 2301 κοινωνοὺς.
3390 2239 3479 2290 καὶ
3507 2239 3700 2305 ὥσπερ

2132 2336 2229 2391 τοῦ
2273 2333 2484 2388 δικαίου
2536 2331 2802 2401 διάπυρος
2831 2325 2900 2399 ἦν
2936 2328 3219 2398 ζηλωτὴς,
3259 2328 3386 2381 οὕτω
3432 2326 3530 2380 mi.
3586 2327 3691 2395 τῆς

2134 2424 2437 2486 εὐσεϐείας,
2457 2421 2532 2481 ὡς
2563 2420 2722 2489 ᾣετο,
2757 2420 3189 2486 καὶίάποστῆσαι
3217 2418 3313 2486 τῆς
3340 2415 3445 2469 τῶν
3476 2415 3706 2468 tussim

2132 2515 2297 2585 τιμῆς
2318 2508 2645 2580 ἐφιλονείκει
2674 2505 2998 2577 περιμανῶς
3029 2505 3091 2558 τὸ
3120 2505 3398 2577 ὑπήκοον.
3436 2504 3717 2559 Ἐντεῦθεν

2134 2603 2359 2669 ἐκόλαζε
2388 2601 2674 2662 πλείστους
2697 2598 2797 2668 τῆς
2835 2596 3228 2665 είδολομανίας,
3257 2596 3341 2655 ὡς
3374 2594 3560 2663 ἔλεγεν
3587 2597 3703 2647 ἀκο-

2133 2696 2313 2766 λάστῳ
2338 2692 2578 2763 γλώσσῃ,
2605 2690 2800 2751 αὐτοὺς
2834 2686 3102 2757 ἀφιστῶν,
3126 2687 3223 2739 καὶ
3256 2686 3499 2748 πολλοὺς
3533 2687 3714 2755 sima.-

2135 2805 2266 2843 σατο
2315 2785 2672 2857 δμολογητάς.
2732 2780 2986 2851 Ἰωάννην
3036 2781 3093 2834 δὲ
3146 2772 3240 2834 ’ἢν
3276 2782 3618 2850 Σύγκελλον,
3668 2783 3726 2845 ὃς

2133 2880 2283 2950 αὐτῷ
2305 2876 2627 2937 διδάσκαλος
2653 2871 2871 2943 γέγονε,
2904 2875 3002 2927 καὶ
3023 2872 3121 2941 τῆς
3141 2873 3474 2935 δυσσεϐείας
3501 2867 3573 2943 ἦν
3608 2890 3726 2925 κοιο

2133 2968 2321 3035 νωνδς,
2357 2966 2496 3035 πρὸς
2528 2966 2654 3027 τοὺς
2689 2964 3028 3033 ’Δγαρηνοὺς
3063 2960 3479 3027 ἐξαπέστειλεν,
3511 2961 3719 3014 tande!-

2134 3059 2326 3129 ξασθαι
2363 3073 2518 3124 σφισι
2567 3055 2656 3109 τὸν
2697 3053 2928 3108 πλοῦτον
2970 3054 3069 3122 τῆς
3101 3052 3386 3121 βασιλείας
3421 3052 3721 3119 Ῥωμαίων

2135 3152 2476 3223 βουλόμενος.
2498 3147 2712 3202 Στέλλει
2738 3146 2784 3201 δ’
2809 3144 2974 3201 αύτδν
2996 3145 3093 3198 σὺν
3129 3144 3377 3215 χρήμασι
3404 3143 3554 3212 μάλα
3586 3141 3718 3195 πολ-

2132 3242 2266 3305 λοῖς,
2301 3236 2376 3295 ὧν
2405 3240 2473 3292 τὰ
2505 3239 2604 3308 μὲν
2636 3236 2786 3308 δῶρα
2818 3238 3086 3306 πέπομφε
3132 3234 3214 3306 τῷ
3255 3228 3577 3303 Ἆγαρηνῶν
3608 3233 3712 3302 ἁρ-

2133 3326 2321 3404 χηγῷ,’
2339 3331 2408 3385 τὰ
2436 3330 2493 3384 δὲ
2519 3330 2600 3392 είς
2619 3327 2927 3398 ὑπηρεσίαν
2958 3326 3038 3397 τῷ
3059 3323 3350 3396 πεμφθέντι
3370 3323 3697 3388 ἀπένειμεν,

2134 3427 2192 3478 ὲν
2216 3420 2298 3486 οἷς
2330 3421 2427 3476 καὶ⁵
2452 3419 2606 3473 διττὰ
2649 3416 2953 3488 ἐτύγχανον
2988 3412 3347 3486 χερνιϐόεεστα
3377 3408 3589 3479 χρύσεά
3626 3424 3688 3459 τε

2136 3513 2226 3568 καὶ
2257 3511 2493 3577 διάλιθα,
2516 3510 2611 3564 καὶ
2642 3508 2840 3578 τέχνης
2873 3505 3142 3577 ἀκριϐοῦς
3168 3500 3468 3569 ὶνδεικνύνε
3481 3517 3538 3552 ια
3585 3499 3697 3568 ια-

2137 3623 2313 3676 ριτας.
2341 3602 2561 3656 Τούτων
2608 3601 2665 3654 δὲ
2717 3598 2936 3653 πάντων
2966 3596 3226 3650 ἐπέκεινα
3259 3593 3473 3661 λέγεται
3518 3590 3714 3644 δοῦναι

2134 3692 2285 3761 αύτῷ
2331 3692 2426 3745 καὶ
2452 3687 2661 3761 χρυσοῦ
2704 3686 3044 3758 χαράγματα
3067 3683 3403 3754 κεν-τηνεὶρια
3429 3679 3716 3748 nesapi-

2134 3785 2319 3850 κόντα,
2352 3784 2421 3837 't'v‘
2452 3782 2564 3853 ἔχοι
2594 3778 2886 3851 δωρεῖσθαι
2910 3777 3020 3830 τῶν
3043 3777 3108 3829 ὲκ
3129 3773 3234 3844 τῆς
3264 3774 3449 3843 ’Δγαρ
3472 3765 3562 3835 οἷς
3595 3769 3722 3842 βού-

2133 3878 2278 3932 λοιτο
2325 3875 2626 3946 φιλοτίμως
2679 3888 2741 3925 τε
2796 3871 2891 3925 καὶ
2935 3866 3201 3939 δαψιλῶς,
3239 3863 3544 3919 κάντεῦθεν
3592 3862 3723 3924 τοὺς

2135 3968 2456 4040 Βαρϐάρους
2483 3965 2797 4035 ὲκπλήττοι,
2831 3961 3243 4030 λογιζομένους,
3266 3957 3346 4020 ὡς
3382 3958 3434 4010 εἱ
3466 3954 3720 4008 τοσοῦτον

2133 4062 2184 4114 οἱ
2218 4058 2313 4113 τοῦ
2346 4058 2580 4121 ἄνακτος
2628 4055 2933 4124 εὐποροῖεν,
2989 4050 3158 4113 αὐτὸς
3196 4049 3409 4109 ἐκεῖνος
3446 4046 3617 4097 πόσου
3651 4043 3722 4096 ἄν

2134 4150 2221 4220 εἴη
2258 4148 2447 4219 κύριος
2483 4144 2751 4209 πλούτους
2797 4141 3160 4211 ’Δφικόμενος
3215 4133 3315 4193 οὖν
3345 4139 3430 4200 εἰς
3476 4135 3577 4205 τὴν
3617 4133 3716 4189 τοῦ

2133 4241 2318 4310 Βαγδᾶ
2362 4239 2516 4291 πόλιν
2545 4239 2574 4290 ὁ
2619 4234 2921 4304 Σύγκελλος
2957 4231 3122 4303 (αὕτη
3151 4230 3198 4285 δ’
3243 4230 3394 4282 ἔστιν
3446 4230 3479 4299 ἡ
3510 4226 3717 4281 παλαιὰ

2138 4332 2416 4400 Βαϐυλὼν)
2455 4330 2569 4401 (23)
2615 4328 2711 4382 καὶ
2750 4325 2828 4396 τῷ
2859 4325 2968 4378 τῶν
3007 4323 3334 4393 ’Δγαρηνῶν
3368 4320 3601 4391 ἀρχηγῷ
3629 4321 3713 4379 εις

2138 4426 2269 4480 θέαν
2302 4423 2494 4487 ἐλθὼν,
2557 4421 2654 4473 καὶ
2694 4415 3023 4486 διαλεχθεὶς,
3059 4416 3156 4469 καὶ
3206 4414 3276 4467 τὰ
3318 4412 3415 4467 τοῦ
3448 4410 3713 4483 βασιλέως

2135 4516 2286 4586 δῶρα
2323 4511 2710 4584 προσαγαγὼν,
2758 4511 2851 4563 καὶ
2878 4508 2967 4561 διὰ
3017 4505 3215 4571 ταῦτα,
3247 4505 3344 4558 καὶ
3372 4504 3462 4559 διὰ
3489 4502 3591 4573 τὴν
3614 4498 3709 4553 τοῦ

2138 4604 2298 4672 λόγου
2327 4602 2557 4669 δύναμιν
2587 4594 2676 4669 (ἧν
2700 4598 2810 4668 γὰρ
2836 4597 2917 4659 εἰς
2944 4594 3185 4659 διάλεξιν
3236 4589 3566 4662 περιδέξιος)
3618 4589 3711 4641 καὶ

2134 4694 2364 4765 ’ἐτιμᾶτο
2389 4693 2486 4746 καὶ
2522 4687 2886 4760 ἐθαυμάζετο.
2927 4686 3095 4739 Πλὲον
3137 4685 3182 4739 δ’
3208 4684 3554 4754 ὲξεθὰμϐησε
3584 4698 3709 4745 τους

2139 4785 2457 4858 Βαρϐἀρους
2480 4779 2892 4852 φιλοτιμώτατα
2943 4779 3079 4849 πρὸς
3108 4776 3313 4838 αὐτοὺς
3342 4774 3706 4843 διακείμενος.

2135 4882 2198 4934 Εί
2233 4877 2341 4947 γάρ
2374 4891 2520 4939 τινες
2547 4873 2743 4942 ἐκείνῳ
2773 4870 3106 4942 προσῄεσαν,
3137 4869 3169 4938 ἦ
3196 4866 3350 4939 παρὰ
3392 4866 3487 4919 τοῦ
3519 4865 3709 4935 σφετὲ-

2137 4991 2231 5046 ρου
2263 4968 2606 5039 στελλόμενοι
2638 4966 2922 5036 ἄρχοντος,
2954 4963 2987 5032 ἢ
3034 4962 3179 5016 κατά
3206 4972 3332 5014 τινα
3380 4961 3573 5031 χρείαν
3616 4957 3712 5013 ἄλο

2134 5068 2257 5136 λην,
2289 5065 2567 5136 χρήμασιν
2597 5058 2795 5122 αὐτοὺς
2841 5055 3109 5123 ὶδεξιοῦτο
3168 5054 3461 5122 μεγαλοις,
3494 5053 3570 5115 ὡς
3612 5051 3709 5103 καὶ

2138 5157 2350 5230 χαίρειν
2386 5155 2479 5207 καὶ
2507 5148 2950 5221 τεθηπὲναιτοὺς
2975 5146 3149 5200 ταῦτα
3184 5144 3586 5215 λαμϐάνοντας.
3624 5141 3713 5195 '0-

1653 5301 1851 5364 Variaa
1880 5300 2183 5364 lectiones
2221 5301 2281 5357 et
2315 5298 2500 5355 noue.

456 5456 496 5490 -ί
538 5420 649 5489 (‘22l
700 5421 929 5488 Μάνιοᾳ.
987 5423 1059 5473 Ιιςι
1116 5420 1337 5490 quidam
1401 5421 1588 5489 eodd.;
1623 5419 1715 5475 alii
1763 5422 1947 5488 Μάνα,
1978 5432 2039 5474 ut

461 5489 846 5558 Theophanes.
879 5502 933 5547 et
959 5495 1070 5549 alii.

532 5560 645 5633 (23)
698 5564 758 5633 [1
791 5565 1016 5616 παλαιὰ
1064 5564 1371 5617 Βαϐυλών.
1405 5564 1575 5619 Sedes
1618 5564 1881 5633 principis
1930 5578 2029 5617 seu

462 5631 632 5704 calilze
691 5630 1143 5704 Sarracenopm.
1190 5636 1425 5687 Arctltas
1496 5635 1550 5688 in
1586 5630 1951 5704 Apocalypsin
1978 5650 2028 5687 c.

466 5700 534 5756 ὂυ
570 5720 580 5753 :
617 5706 712 5755 δα
753 5701 809 5753 δὲ
842 5703 934 5755 τοῦ
970 5700 1230 5767 κύματος
1264 5708 1294 5768 ἡ
1332 5704 1442 5758 1316
1459 5700 1711 5767 λλωνίων,
1755 5700 1817 5767 ἢν
1856 5704 1916 5758 ἄν
1948 5722 2030 5768 τις

2146 5410 2729 5484 ἀπαραλογίστως-τὴν
2766 5410 2915 5484 -τῶν
2965 5404 3353 5484 νῶρῤακῃνῶν
3395 5402 3715 5484 -ὲκδέξε-ιαι,

2146 5475 2277 5540 uae"
2298 5486 2378 5536 ὅτι
2398 5475 2490 5534 καὶ
2523 5482 2579 5532 ἐν
2614 5475 2894 5533 Βαϐυλῶνι
2915 5483 3008 5530 νῦν
3033 5475 3147 5529 ἐστι
3175 5475 3234 5527 τὸ
3259 5476 3476 5544 ἀρχεῖον
3505 5475 3714 5535 αὐτων,

2138 5550 2213 5610 ὧν
2246 5555 2309 5623 δὴ
2335 5555 2362 5606 δ
2783 5593 2797 5618 ,
2821 5551 2893 5613 ὡς
2942 5548 3225 5618 ·ιιω;ιαιω·ι
3267 5546 3520 5616 βασιλεὺς
3575 5559 3722 5614 κρα-

2140 5629 2311 5698 τήκει.
