3958 6204
500 253 642 318 1435
733 217 742 226 ’

1715 267 2122 333 ANNALIUM
2156 272 2306 336 LIB.
2346 275 2471 340 XV.

3613 292 3751 363 1406

494 373 670 446 ἐτάφη
724 372 865 430 ἐκεῖ.
925 375 1047 431 Τῶν
1101 375 1158 430 δέ
1224 375 1474 447 Ἀράϐων
1539 383 1660 449 ταῖς
1723 385 2055 458 Ῥωμαϊκαῖς

2165 391 2445 452 Michaelis
2482 396 2763 469 Rangabis
2788 407 3161 470 protostrator
3187 402 3410 464 fuisset.
3439 410 3744 484 Theopha-

494 466 838 522 ἐπελθόντων
884 467 1166 541 χώραις,ὁ
1205 470 1473 542 Θεόφιλος
1517 473 1914 548 ἐξεστράτευσε
1944 481 2068 536 κατ’

494 559 703 625 αὐτῶν,
746 559 890 632 ἔχων
942 563 1064 633 μεθ’
1110 565 1310 619 ἑαυτοῦ
1354 568 1450 621 τὸν
1498 569 1777 639 Θεόφοϐον
1834 576 1932 628 καὶ
1976 576 2070 630 τὸν

493 652 754 725 Μανουήλ
791 655 927 726 (27).
964 655 1060 710 Τὼ
1092 657 1139 711 δ’
1173 658 1348 730 ἧστην
1374 660 1542 732 ἄνδρα
1572 664 1667 716 καὶ
1699 666 1939 734 γενναίω
1970 669 2067 723 καὶ

493 744 685 813 ἀγαθὼ
714 745 786 800 τὰ
813 748 1071 820 πολέμια,
1092 743 1170 804 ῶν
1194 752 1223 803 6
1249 752 1349 821 μὲν
1371 754 1631 826 Μανουὴλ
1662 756 1824 826 δῆλος
1856 758 2066 814 ἅπασιν

492 830 584 907 ἦν,
632 838 729 892 καὶ
754 841 872 904 τοῖς
914 839 1187 907 ἐναντίοις
1231 844 1421 907 αὐτοῖς
1462 845 1723 912 πολλάκις
1743 866 1805 903 τε
1830 866 2068 922 στρατη-

492 927 669 995 γήσας
698 928 795 980 καὶ
829 929 1179 999 ἀριστεύσας,
1221 934 1317 988 καὶ
1358 937 1809 1010 πρωτωτράτωρ
1836 940 1934 994 τοῦ
1964 940 2066 1010 βα-

495 1016 689 1080 σιλέως
716 1019 931 1089 Μιχαὴλ
973 1019 1068 1075 τοῦ
1112 1022 1385 1093 Ῥαγγαὸἐ
1423 1027 1689 1095 γεγονώς.
1729 1029 1794 1085 '0
1842 1031 1900 1086 δὲ
1932 1031 2066 1086 Θεό-

494 1107 663 1178 φοὸος
687 1110 880 1177 γένους
917 1099 1021 1181 μὲν
1052 1118 1335 1184 κατήγετο
1361 1117 1663 1189 Περσικοῦ,
1688 1123 1902 1195 ἐτράφη
1932 1124 1979 1179 δ’
2005 1126 2065 1178 ἐν

493 1202 561 1272 τῇ
611 1200 845 1272 βασιλίδι
896 1204 1008 1259 τῶν
1058 1206 1292 1274 πόλεων,
1336 1208 1434 1263 καὶ
1473 1213 1604 1283 παρ’
1665 1213 1803 1286 αὐτῇ
1853 1217 2063 1285 διῆγεν,

490 1292 701 1364 ἀφανὴς
733 1292 810 1346 ὢν
849 1295 944 1349 καὶ
1006 1297 1138 1367 μηδὲ
1175 1301 1599 1369 γινωσκόμενος.
1630 1304 1863 1375 Λέγεται
1887 1307 1946 1361 δὲ
1969 1308 2063 1362 τὸν

492 1384 708 1452 πατέρα
770 1384 939 1438 αὑτοῦ
995 1387 1062 1440 ἐκ
1126 1388 1230 1457 τῆς
1278 1392 1432 1462 παρὰ
1480 1394 1719 1465 Πέρσαις
1779 1396 2064 1471 βασιλικῆς

488 1472 723 1541 ἐκφῦναι
780 1476 977 1547 φυλῆς.
1035 1478 1464 1538 Ἐκλελειπότων
1535 1485 1593 1540 δὲ
1655 1489 1769 1552 τοῖς
1825 1489 2063 1561 Πέρσαις

487 1564 597 1617 τῶν
635 1568 701 1621 ἐκ
728 1567 825 1622 τοῦ
873 1568 1154 1640 βασιλείου
1202 1575 1415 1642 γένους,
1471 1578 1667 1647 μαθεῖν
1710 1581 1931 1646 αὐτοὺς,
1983 1581 2062 1646 ὡς

487 1654 606 1709 ἐστι
636 1659 786 1728 παρὰ
837 1659 1131 1731 Ῥωμαίοις
1164 1662 1326 1736 ἀνὴρ,
1356 1667 1419 1720 ἐκ
1464 1668 1662 1735 γένους
1693 1669 1869 1724 ἕλκων
1900 1672 2059 1740 βασι-

486 1746 641 1800 λικοῦ
678 1750 778 1822 τὴν
820 1730 1035 1822 σειρὰν,
1066 1757 1161 1807 καὶ
1192 1730 1490 1824 ἀφικέσθαι
1527 1730 1758 1831 ζήτησιν
1798 1730 2060 1833 ποιουμέ-
2090 1730 2137 1786 Β

487 1856 610 1901 νους
666 1841 854 1895 αὐτοῦ.
899 1843 992 1907 Ὠς
1043 1845 1089 1899 δ’
1148 1834 1347 1918 εὑρἐη
1405 1849 1767 1921 ζητούμενος,
1826 1854 2058 1923 γέγονεν

484 1933 738 1989 ἐντεῦθεν
787 1938 1033 2003 γνωστὸς
1086 1940 1184 1994 καὶ
1237 1940 1315 2011 τῷ
1373 1941 1605 2012 βασιλεῖ,
1638 1943 1736 1997 καὶ
1786 1946 1865 2007 είς
1918 1948 2063 2016 μέγα

480 2024 653 2096 τύχης
681 2027 917 2099 ἀνήχθη,
960 2032 1251 2100 πατρίκιος
1274 2033 1551 2104 τιμηθεὶς,
1598 2035 1696 2089 καὶ
1728 2039 1795 2106 τῇ
1833 2038 1930 2091 τοῦ
1964 2038 2061 2110 βα-

2173 485 2282 543 bus
2307 496 2495 545 autem
2525 505 2699 562 genus
2727 508 2759 548 a
2790 494 2973 552 Persis
3001 496 3258 564 ducebat,
3295 509 3352 556 et
3382 502 3436 556 in
3473 503 3609 559 urbe
3642 505 3747 558 im-

2169 581 2481 650 peratoria,
2539 584 2634 639 ubi
2692 585 2964 643 educatus
3019 598 3142 657 est,
3198 591 3473 649 obscurus
3523 596 3745 651 vivebat

2168 681 2333 743 atque
2375 673 2655 745 ignobiiis.
2702 678 2901 734 Fertur
2926 689 3111 737 autem
3153 693 3311 754 pater
3344 685 3465 752 ejus
3492 702 3559 741 ex
3599 689 3746 758 regia

2168 765 2462 821 Persarum
2488 767 2636 824 tribu
2662 768 2834 826 fuisse
2865 781 3040 839 ortus,
3072 789 3310 846 cumque
3339 778 3503 848 regiae
3525 778 3747 834 familiae

2167 857 2313 927 apud
2343 858 2540 916 Persas
2564 860 2913 931 defecissent,
2940 867 3264 937 cognovisse
3288 868 3574 936 dicuntur,
3598 869 3744 938 apud

2167 951 2448 1010 Romanos
2474 969 2597 1010 esse
2625 955 2806 1010 virum
2839 957 2992 1028 regio
3014 974 3215 1030 genere
3243 960 3563 1025 oriundum,
3589 969 3646 1016 et
3674 961 3744 1016 ad

2168 1059 2293 1099 eum
2344 1045 2739 1115 inquirendum
2788 1049 3031 1104 venisse.
3078 1050 3151 1106 Ut
3196 1050 3453 1106 inventus
3499 1051 3637 1115 fuit,
3688 1051 3745 1106 in

2167 1135 2420 1190 notitiam
2454 1135 2806 1206 imperatoris
2836 1154 3057 1208 quoque
3085 1142 3355 1211 pervenit,
3389 1149 3445 1196 et
3472 1142 3747 1212 amplissi-

2167 1241 2285 1280 mas
2308 1225 2559 1282 fortunas
2585 1235 2671 1281 est
2703 1239 3059 1292 consecutus.
3093 1231 3311 1301 patricii
3344 1232 3556 1288 honore
3580 1248 3745 1288 orna-

2167 1326 2273 1382 tus,
2291 1326 2347 1373 et
2369 1319 2715 1389 imperatoris
2738 1336 2925 1376 sorore
2950 1320 3111 1393 148
3135 1323 3186 1376 in
3211 1322 3619 1378 matrimonium
3637 1340 3743 1380 ac-

2165 1416 2345 1478 cepta.
2379 1408 2449 1465 lis
2466 1410 2633 1482 igitur
2664 1412 2932 1468 ambobus
2950 1414 3123 1468 fretus
3148 1413 3507 1484 Theophilus,
3553 1415 3742 1471 hostes

2164 1515 2454 1572 aggressus
2475 1514 2579 1559 est.
2610 1503 2750 1560 Cum
2779 1514 2963 1559 autem
2997 1507 3241 1576 proxime
3285 1508 3432 1561 inter
3472 1522 3531 1562 se
3561 1516 3741 1565 castra

2163 1596 2596 1650 communissent
2607 1596 3336 1664 exercitus,Sarracenorum
3355 1600 3464 1654 dux
3486 1599 3740 1668 lmbrael,

2167 1699 2277 1739 uno
2315 1701 2383 1741 ex
2422 1686 2538 1742 suis
2579 1688 2814 1759 satrapis
2858 1704 2984 1744 eum
3040 1691 3337 1760 nonaginta
3383 1692 3629 1747 millibus
3672 1694 3738 1747 ad

2165 1777 2574 1833 decernendum
2615 1795 2740 1835 cum
2777 1781 3040 1837 Romanis
3081 1784 3297 1847 relicto,
3332 1784 3447 1854 ipse
3478 1799 3601 1838 eum
3632 1800 3740 1837 ca:-

2160 1869 2292 1924 teris
2324 1868 2442 1924 sive
2481 1885 2548 1925 ex
2586 1881 2734 1926 metu
2779 1872 2895 1927 sive
2940 1891 3039 1944 per
3078 1876 3446 1946 arrogantiam
3489 1875 3735 1930 recessit.

2158 1959 2512 2015 Exercitibus
2541 1965 2881 2033 congressis,
2913 1968 3073 2021 multi
3102 1967 3363 2036 utrinque
3393 1966 3733 2021 ceciderunt.

2159 2049 2267 2105 Sed
2312 2052 2530 2106 tandem
2572 2052 2884 2123 legionibus
2927 2055 2993 2110 ad
3041 2056 3222 2127 fugam
3265 2055 3575 2122 inclinatis,
3621 2054 3737 2124 ipse

482 2116 679 2181 σιλέως
710 2120 1082 2183 συνοικισθεὶς
1110 2123 1343 2193 ἀδελφῇ.
1373 2123 1604 2190 Τούτοις
1630 2126 1727 2180 οὖν
1765 2132 1875 2192 τοῖς
1908 2132 2055 2202 είρη-

2158 2139 2322 2194 etiam
2367 2116 2669 2211 imperator
2708 2152 2903 2214 captus
2945 2116 3169 2211 fuisset,
3212 2146 3318 2200 nisi
3366 2143 3738 2213 Theophobus

482 2208 671 2278 μένοις
706 2211 912 2279 ἀμφοῖν
953 2214 1179 2282 ἀνδράσι
1218 2215 1501 2280 πεποιθὼς
1530 2220 1557 2269 6
1579 2218 1867 2285 Θεᾴφι).ος,
1926 2225 2055 2277 ἀντ-

2158 2242 2280 2282 enm
2315 2244 2417 2282 suo
2448 2230 2667 2285 Persico
2696 2222 2940 2288 exercitu
3006 2242 3059 2287 et
3104 2250 3268 2288 manu
3305 2249 3464 2303 opem
3499 2232 3734 2296 tulisset,

486 2299 688 2369 επῆὶθε
712 2302 830 2362 τοῖς
884 2303 1170 2368 ἐναντίοις.
1230 2304 1327 2367 Ὠς
1380 2300 1475 2358 οὖν
1529 2308 1778 2380 ἀλλήλων
1818 2312 2055 2380 ἔγγιστα

2158 2327 2213 2375 et
2256 2329 2647 2392 stratagemate
2687 2325 2968 2394 Agarenos
3002 2328 3474 2382 circumvenisset.
3518 2324 3735 2378 Actum

481 2390 757 2460 ἐπήξαντο
803 2393 932 2458 τοὺς
986 2394 1239 2465 χάρακας
1290 2398 1360 2450 τὰ
1413 2401 1829 2471 στρατεύματα,
1868 2407 1897 2458 6
1940 2408 2054 2461 τῶν

2158 2410 2689 2481 Constantinopolim
2723 2429 2981 2471 reversus
3009 2425 3094 2472 est
3130 2417 3452 2487 imperator.

481 2482 815 2553 Σιρακηνῶν
844 2487 1084 2558 ἀρχηγὸς
1141 2487 1428 2561 Ἶμσραὴλ,
1470 2492 1567 2545 ἕνα
1616 2494 1724 2547 τῶν
1752 2496 1846 2549 ὑπ’
1887 2500 2051 2554 αὑτὸν
2091 2502 2417 2571 στρατηγῶν
2483 2504 2621 2572 μετὰ
2649 2504 2782 2557 λαοῦ
2817 2507 3097 2575 μυριάδων
3126 2482 3272 2561 ὀκτὼ
3311 2510 3392 2569 είς
3420 2504 3739 2573 ἀντιπαρά-

476 2580 629 2644 ταξιν
668 2580 758 2634 τοῦ
791 2582 1106 2653 Ῥωμαῖκοῦ
1150 2587 1564 2658 στρατεύματος
1598 2590 2041 2660 καταλελοιπὼς,
2077 2598 2239 2661 αὐτὸς
2305 2598 2444 2669 μετὰ
2471 2598 2581 2650 τῶν
2620 2597 2800 2652 ἄλλων
2839 2601 3270 2672 ἀνεχώρησεν,ῆ
3303 2599 3734 2666 δειλαινόμενοςο

473 2666 1020 2742 ῆ’ἀ).αξονευὸμενος.
1061 2675 1460 2746 Συμϐαλόντων
1491 2681 1545 2735 δὲ
1570 2684 1679 2737 τῶν
1737 2688 2187 2758 στρατευμάτων,
2264 2666 2452 2744 πολλοὶ
2523 2690 2623 2760 μὲν
2686 2666 3486 2764 ἐκατέρωθεν-ἔίπιπτον.Τέλος
3514 2691 3571 2743 δὲ
3599 2691 3737 2761 πρὶς

474 2761 781 2833 ὑπαγωγὴν
823 2765 1118 2835 ἐκλίθησαν
1145 2770 1200 2822 αἱ
1229 2770 1442 2840 σχολαὶ,
1472 2774 1568 2826 καὶ
1605 2775 1710 2828 κᾶν
1737 2776 1853 2847 ἥλω
1917 2781 2011 2833 καὶ
2080 2783 2109 2835 6
2166 2782 2422 2852 βασιλεὺς
2474 2784 2656 2845 αὐτὸς,
2716 2784 2763 2837 εἰ
2822 2761 2895 2855 pi;
2950 2784 3216 2852 Θεόφοϐος
3272 2783 3409 2854 μετᾶ
3464 2780 3558 2834 tofi
3607 2777 3736 2850 περὶ

471 2855 635 2909 σίραιον
665 2856 935 2947 Περσικοῦ
969 2859 1401 2930 στρατεύματος,
1476 2864 1574 2919 καὶ
1618 2867 1764 2936 χειρὶ
1823 2868 2117 2941 ἐϐοήθησε,
2160 2873 2256 2926 καὶ
2299 2874 2721 2945 στρατηγήματι
2759 2875 2884 2938 τοὺς
2943 2874 3266 2947 Βαρϐἁρους
3308 2873 3731 2943 κατεσοφίσατοο

473 2945 609 3000 Τότε
652 2947 751 3017 μὲν
781 2942 874 3000 οὖν
908 2948 1273 3016 ἐπανέζευξεν
1311 2954 1392 3016 είς
1420 2952 1520 3024 τὴν
1565 2957 1984 3013 Κωνσταντίνου
2017 2965 2045 3015 ό
2085 2963 2363 3033 βασιλεύς.

543 3039 682 3094 κη’.
724 3038 814 3107 Τῷ
858 3037 904 3090 δ’
952 3040 1154 3112 ἐφεξῆς
1204 3043 1319 3096 ἔτει
1378 3045 1542 3100 πάλιν
1590 3049 1901 3119 στρατεύει,
1953 3053 2115 3119 καις

472 3130 753 3201 συμμίξας
787 3132 899 3194 τοῖς
934 3133 998 3183 ἐκ
1035 3134 1134 3202 τῆς
1165 3134 1365 3205 ιἈγαρ,
1398 3137 1862 3211 ἐπικρατέστερος
1893 3141 2043 3209 γίνε-

470 3240 582 3287 ται,
626 3225 719 3274 καὶ
751 3222 887 3274 πολὺ
924 3221 1023 3292 μὲν
1057 3223 1264 3294 πλῆθος
1289 3227 1473 3280 αὐτῶν
1505 3231 1789 3297 πέπτωκε,
1826 3231 2046 3293 πλείους

470 3317 518 3369 δ’
545 3313 791 3367 ἑάλωσαν
823 3314 1193 3385 δωρυά).ωτοι,
1223 3318 1283 3369 ἐν
1307 3313 1390 3380 οἷς
1416 3313 1489 3390 ἦν
1530 3321 1627 3375 καί
1667 3338 1752 3385 τις
1792 3323 2047 3396 ἀνὴρ.τῷ

470 3406 581 3459 τῶν
605 3405 809 3477 σχολῶν
840 3405 1150 3477 δομεστίκῳ
1192 3405 1495 3479 γνώριμος,
1523 3412 1618 3466 καὶ
1650 3416 2046 3489 μαρτυρούμε-

472 3514 563 3558 νος
594 3498 690 3550 ὑπ’
724 3495 915 3563 αὑτοῦ,
945 3497 1022 3562 ὡς
1048 3498 1146 3551 καὶ
1191 3499 1293 3568 τὴν
1337 3503 1499 3570 χεῖρα
1534 3508 1782 3571 γενναῖος
1813 3510 1908 3561 καὶ
1948 3527 2046 3560 πε-
2074 3510 2077 3513 ’

477 3588 728 3660 ριεέξιος,
771 3593 865 3642 καὶ
907 3590 1123 3658 εὐφυῶς
1160 3593 1555 3666 ἱππαζόμενος,
1582 3599 1687 3651 ,καὶ
1728 3600 1826 3653 δύο
1874 3617 2046 3669 μετα-

474 3696 510 3748 χ
545 3678 849 3750 ιριζόμενος
887 3678 1111 3749 δόρατα.
1145 3681 1434 3754 Θριάμδου
1474 3688 1657 3740 τοίνυν
1695 3688 1787 3740 ἐπὶ
1814 3692 1879 3759 τῇ
1921 3690 2045 3762 νίκῃ

476 3771 849 3838 καταγομένου
878 3771 937 3822 ἐν
976 3772 1318 3841 ἱππηλασίας
1359 3776 1554 3843 ἀγῶνι,
1584 3778 1678 3833 τδν
1711 3780 2046 3849 ἐπαινούμε-

474 3878 567 3915 νον
616 3864 824 3917 ὲκείνον
892 3861 1196 3934 Ἀγαρηνδν
1243 3868 1774 3935 ίππάσασθαιμκαὶ
1833 3872 1905 3924 τὰ
1953 3871 2047 3925 δύο

475 3955 964 4026 μεταχειρίσασθαι
1001 3956 1207 4026 δόρατα
1253 3957 1544 4011 ἐκέλευσεν
1589 3961 1616 4013 6
1647 3960 1892 4030 κρατῶν.
1930 3962 2041 4015 Καὶ

471 4043 529 4106 ὃς
551 4047 895 4100 ἐπεδείκνυτο
924 4051 1064 4103 κατᾶ
1094 4048 1155 4101 τὸ
1177 4049 1455 4119 κέλευσμα
1489 4052 1601 4113 τοῖς
1632 4052 1802 4119 ὁρῶσι
1840 4053 1901 4106 τὸ
1939 4055 2046 4124 ἀμ·

473 4138 860 4219 φοτεροδέξιον.
901 4140 1009 4192 Καὶ
1044 4140 1073 4192 6
1103 4140 1363 4210 βασιλεὺς
1395 4142 1585 4195 τοῦτον
1622 4144 1815 4214 ἐπῄνει
1848 4161 1907 4197 τε
1950 4145 2044 4197 καὶ

471 4227 802 4296 ἐθαύμασεν.
851 4228 912 4282 ’0
958 4231 1090 4299 γοῦν
1124 4232 1410 4303 Κρατερὸς
1458 4232 1756 4303 Θεόδωρος,
1815 4233 1869 4295 ὃ,
1923 4235 2044 4304 μετ’

469 4317 653 4386 ἀλίγον
715 4321 1039 4392 μαρτυρικῷ
1115 4324 1500 4393 κατεκοσμήθη
1605 4327 1873 4396 στεφάνῳ,
1935 4326 2042 4379 τῶν

2235 3053 2475 3110 XXVIII.
2511 3053 2671 3111 Anno
2718 3071 2848 3109 vero
2892 3062 3160 3123 sequente
3182 3055 3387 3109 iterum
3426 3071 3547 3111 cum
3593 3054 3735 3126 Aga-

2158 3147 2305 3200 renis
2356 3163 2702 3215 congressus,
2771 3148 2829 3200 iit
2907 3147 3182 3215 superior,
3238 3163 3433 3216 magna
3484 3149 3729 3203 hostium

2157 3236 2511 3292 multitudine
2543 3252 2702 3301 czesa,
2735 3245 2791 3291 et
2823 3235 3074 3304 pluribus
3097 3236 3292 3306 captis,
3318 3238 3460 3291 inter
3484 3255 3621 3308 quos
3651 3242 3733 3294 vir

2154 3329 2259 3384 fuit
2290 3329 2564 3399 legionuu
2607 3327 2914 3384 domestico
2941 3336 3126 3389 notus,
3161 3330 3248 3380 cui
3280 3328 3326 3381 is
3355 3331 3730 3385 testimonium

2156 3421 2509 3491 perhibebat,
2556 3428 2703 3474 utet
2735 3433 2900 3474 manu
2944 3429 3219 3487 prompto,
3260 3428 3315 3473 et
3362 3420 3731 3486 ambidextro,

2154 3520 2211 3564 et
2261 3510 2450 3563 solerti
2503 3509 2699 3577 equiti,
2762 3516 2816 3562 et
2876 3509 2971 3577 qui
3033 3507 3190 3561 binas
3250 3507 3437 3563 hastas
3493 3519 3731 3565 tractare

2154 3600 2343 3654 sciret.
2371 3599 2508 3655 Cum
2555 3600 2722 3668 igitur
2746 3600 2894 3654 ludis
2933 3599 3294 3654 Circensibus
3335 3601 3408 3654 ob
3438 3602 3727 3656 victoriam

2155 3693 2468 3762 triumphus
2525 3691 2844 3757 duceretur,
2875 3692 3174 3761 imperator
3226 3692 3510 3749 laudatum
3571 3696 3727 3749 illum

2152 3784 2461 3854 Agarenum
2524 3781 2775 3851 equitare
2855 3791 2912 3836 et
3002 3782 3129 3836 bina
3202 3783 3422 3837 hastilia
3485 3793 3724 3839 tractare

2150 3873 2331 3944 jussit.
2363 3872 2669 3928 Ostentavit
2701 3871 2814 3931 ille,
2850 3878 2907 3923 ut
2934 3871 3122 3941 jussus
3159 3877 3298 3927 erat.
3333 3871 3723 3924 dexteritatem

2153 3979 2307 4019 suam
2342 3962 2768 4032 spectatoribus.
2807 3961 2945 4035 Eum
2986 3960 3289 4029 imperator
3314 3970 3368 4013 et
3398 3960 3642 4013 laudavit
3671 3966 3728 4012 et

2151 4057 2452 4111 admiratus
2496 4067 2601 4109 est.
2647 4056 2717 4108 At
2763 4053 3083 4108 Theodorus
3113 4052 3396 4114 Craterus,
3430 4052 3523 4120 qui
3560 4051 3726 4121 paulo

2152 4156 2277 4218 post
2343 4158 2546 4200 corona
2605 4144 2851 4214 martyrii
2921 4152 3007 4198 est
3061 4153 3310 4203 ornatus.
3349 4157 3493 4195 unus
3536 4156 3566 4195 e
3612 4156 3723 4195 xm

2150 4247 2453 4309 martyrum
2499 4252 2752 4301 numero,
2798 4234 3105 4305 TheOphilo
3142 4244 3344 4294 astans,
3398 4233 3713 4302 Agarenunt

2150 4329 2547 4387 subsannabat.
2600 4330 2718 4396 Qua
2774 4328 2842 4383 de
2904 4341 3071 4381 causa
3120 4326 3293 4379 iratus
3332 4324 3721 4393 Theophilus:

470 4412 979 4481 τεσσαρακονταῖύο
1009 4414 1309 4483 μαρτύρων
1340 4412 1420 4478 εἷς
1445 4415 1541 4482 ὣν,
1584 4419 1877 4486 παρεστὼς
1916 4419 2041 4470 τότε

2158 4422 2232 4476 Tu
2282 4437 2426 4485 vero,
2473 4421 2676 4490 inquit,
2733 4419 3027 4491 eﬂeminate
3072 4416 3219 4487 (nam
3271 4415 3562 4471 eunuchus
3594 4423 3723 4469 erat

471 4499 549 4568 τῷ
582 4501 828 4572 Θεοφίλῳ
856 4504 1117 4571 ἐχλεύαζε
1148 4506 1242 4559 τὸν
1285 4506 1612 4578 ’Λγαρην6ν.
1651 4510 1855 4581 Ὀργῆς
1882 4510 1926 4563 δ’
1955 4510 2049 4563 ἐπὶ

471 4594 537 4661 τῇ
564 4591 730 4664 χλεύῃ
763 4594 1025 4664 πλησθεῖς
1063 4598 1091 4649 6
1122 4598 1361 4668 κρατῶν,
1392 4600 1476 4653 Σὺ
1508 4599 1585 4664 δ’,
1615 4600 1743 4669 ἔφη,
1782 4596 1830 4657 ὦ
1862 4605 2047 4667 θηλυ-

469 4681 607 4748 δρία
658 4686 945 4755 (ἐκτομίας
992 4686 1103 4761 γὰρ
1153 4691 1181 4742 6
1243 4691 1517 4761 Κρατερὸς
1574 4691 1869 4762 ἐτύγχανεν
1923 4692 2048 4762 ὢν),

467 4773 707 4843 ἐνδείξῃ
755 4780 1034 4853 τοιοῦτόν
1070 4797 1158 4846 τι;
1192 4782 1299 4834 Καὶ
1330 4782 1359 4834 6
1400 4782 1708 4853 Κρατερὸς,
1759 4784 1875 4836 Δύο
1907 4783 2044 4852 μὲν,

469 4866 598 4938 ἔφη,
630 4867 852 4938 δόρατα
897 4874 1182 4943 στρέφειν
1208 4874 1319 4927 οὐκ
1348 4873 1623 4942 ἢσκησα,
1659 4874 1744 4926 ὅτι
1777 4873 1934 4942 μηδὲ
1956 4874 2052 4928 δεῖ

469 4956 545 5028 τῇ
575 4959 740 5030 μάχῃ
782 4966 1099 5032 παιγνίων,
1122 4965 1283 5019 ἀλλὰ
1312 4964 1611 5033 σπουδῆς,
1647 4965 1720 5019 ἐν
1759 4965 1827 5019 δὲ
1866 4984 2047 5035 μετα-

400 5074 409 5075 ί
467 5051 882 5123 χειριζόμενος,
910 5056 1032 5111 σὺν
1060 5056 1183 5124 Θεῷ
1213 5059 1267 5112 δ’
1308 5058 1589 5128 εἰρήσθω,
1616 5058 1835 5113 τοῦτον
1866 5075 2045 5113 κατα-

472 5141 654 5197 ϐαλῶ.
697 5146 990 5215 Ἐκμανεὶς
1034 5148 1080 5201 δ’
1111 5151 1205 5201 ἐπὶ
1255 5149 1331 5219 τῷ
1358 5149 1501 5222 λόγῳ
1547 5154 1576 5206 ὀ
1630 5151 1917 5221 βασιλεὺς,
1952 5152 2043 5206 καὶ

470 5232 677 5301 ὀμόσας
720 5239 842 5292 καθ’
892 5238 1111 5304 ἐαυτοῦ,
1146 5235 1232 5293 Ἦ
1270 5241 1420 5308 μὴν,
1470 5243 1600 5315 ἔφη,
1650 5244 1940 5313 τεθνήξῃ.
1987 5246 2040 5298 εἷ

464 5325 552 5393 μὴ
596 5328 814 5385 αὐτίκα
853 5331 1070 5386 τοῦτον
1112 5334 1491 5403 καταϐαλεῖς.
1533 5335 1594 5390 '0
1636 5338 1694 5390 δὲ
1750 5334 1827 5409 μὴ
1871 5337 2040 5410 ὑπερ-

2144 4512 2425 4584 Cralerus)
2471 4515 2579 4567 tale
2625 4511 2827 4582 aliquid
2872 4508 3192 4581 pra’stabis?
3238 4507 3374 4562 Tum
3417 4505 3718 4561 Craterus:

2148 4606 2293 4661 Binis
2341 4604 2572 4675 quidem,
2620 4604 2817 4673 inquit,
2862 4601 3136 4655 [tortilibus
3184 4598 3448 4654 vibrandis
3499 4612 3580 4650 me
3613 4611 3718 4649 non

2144 4697 2373 4761 exercui,
2405 4702 2541 4767 quod
2589 4696 2643 4749 in
2697 4693 2882 4766 pra'lio
2933 4709 3039 4746 non
3084 4693 3303 4754 luditur,
3346 4692 3437 4745 sed
3471 4709 3550 4746 res
3576 4692 3718 4745 seria

2145 4792 2361 4861 agitur:
2396 4806 2502 4843 una
2529 4805 2648 4843 vero
2670 4790 2847 4853 hasta,
2881 4786 2991 4840 Deo
3026 4796 3311 4851 annuente,
3340 4802 3456 4840 eum
3490 4793 3719 4855 proster-

2144 4899 2292 4938 nam.
2327 4882 2633 4953 lmperator
2662 4881 2733 4936 ob
2780 4895 2844 4935 ea
2871 4880 3050 4948 ,verba
3089 4879 3274 4935 furore
3320 4879 3584 4949 percitus.
3617 4893 3716 4946 per

2145 4975 2389 5045 seipsum
2421 4973 2651 5045 juravit,
2694 4988 2753 5028 se
2794 4971 2976 5027 statim
3002 4985 3126 5026 eum
3157 4970 3495 5032 occisurum,
3524 4966 3637 5028 nisi
3682 4980 3717 5019 e

2139 5066 2373 5136 vestigio
2427 5064 2585 5120 illum
2641 5064 3053 5134 prostravisset.
3114 5060 3194 5117 lbi
3253 5059 3516 5116 Craterus
3572 5055 3713 5110 nihil

2139 5163 2450 5223 cunctatus,
2495 5155 2649 5210 hasta
2693 5155 2811 5210 sine
2854 5152 3006 5208 ferro
3050 5153 3357 5220 Agarenum
3417 5161 3562 5217 equo
3612 5146 3715 5202 de-

2137 5246 2288 5318 jecit.
2337 5245 2481 5302 Cum
2532 5253 2715 5300 autem
2771 5244 3075 5315 imperator
3127 5241 3310 5295 denuo
3357 5233 3715 5307 expeditione

2146 5349 2400 5410 suscepta
2434 5352 2559 5393 eum
2597 5336 2868 5408 Agarenis
2894 5340 3212 5408 pugnasset,
3256 5338 3489 5387 eventus
3532 5328 3712 5400 luxlii

1654 5469 1864 5531 Varias
1901 5468 2215 5533 lectiones
2261 5480 2322 5533 et
2366 5478 2558 5534 notae.

543 5586 655 5668 (εἶ)
690 5589 997 5668 Μανορῖζῑ.
1039 5592 1251 5649 Manuel
1301 5594 1587 5666 patricius,
1634 5594 1722 5650 cui
1762 5608 1904 5649 uxor
1939 5594 2043 5650 fuit
2090 5594 2313 5664 Helena,
2352 5597 2421 5656 de
2465 5613 2573 5668 qua
2603 5608 2935 5665 ancuymus,
2995 5591 3048 5647 in
3094 5591 3212 5648 Vita
3270 5591 3445 5646 sancti
3494 5592 3710 5647 Nicolai

476 5659 727 5723 summa,
759 5676 811 5723 ιι.
850 5662 882 5715 9
894 5660 973 5715 i3.
