3968 6210
475 301 611 364 1409

1726 297 2131 361 ANNALIUM
2172 297 2318 359 LIB.
2358 296 2481 360 XV.

3571 301 3710 367 1410

471 420 616 482 πρὸς
646 418 718 470 τὰ
745 414 980 484 σὰ,έγὼ
1012 413 1080 469 δὲ
1102 415 1252 481 πρὸς
1288 413 1608 482 Ῥωμαίους
1640 414 2019 481 πορεύσομαι

2103 445 2116 470 ι
2139 411 2386 480 opinioni
2428 412 2817 484 refragantem,
2856 421 2976 482 post
3012 415 3212 471 multos
3243 419 3541 483 cruciatus,
3588 438 3708 476 ma-

479 506 825 560 Ἑπανελθὼν
888 507 932 558 δ’
993 507 1072 569 εἰς
1103 506 1205 576 τὴν
1266 503 1655 573 μεγαλόπολιν,
1713 504 2032 574 περιχαρῶς

467 595 658 664 ἐδέχθη
712 596 864 666 παρὰ
925 595 1021 649 τοῦ
1073 596 1506 664 αὐτοκράτορος,
1568 592 1664 646 καὶ
1721 597 2032 664 μάγιστρος

464 689 664 742 αὐτίκα
696 676 994 757 ⁸τετίμητο,
1026 688 1122 740 καὶ
1170 689 1235 739 ὲκ
1295 686 1390 740 τοῦ
1440 685 1602 753 ἁγίου
1651 684 2031 754 βαπτίσματος

463 778 558 830 τὸν
585 777 682 831 τοῦ
724 777 990 846 βασιλέως
1019 779 1138 830 υίὺν
1160 776 1380 848 Μιχαὴλ
1411 775 1653 841 ἐδέξατο,
1680 777 1740 830 ὃν
1782 779 1811 830 6
1845 777 2031 848 πατὴρ

468 870 560 924 καὶ
633 870 922 940 διαδήματι
1004 869 1219 939 ἔστεφε,
1277 871 1373 923 καὶ
1452 867 1678 938 βασιλέα
1743 867 2032 937 Ῥωμαίων

462 962 678 1014 ἀνεῖπε.
728 960 836 1015 Τοῦ
891 961 1234 1034 πατριάρχου
1285 961 1341 1014 δὲ
1385 960 1678 1014 Ἀντωνίου
1729 960 1830 1030 τὴν
1882 960 2030 1030 ζωὴν

465 1053 965 1122 καταστρέψαντος,
1010 1053 1069 1116 ὃς
1095 1052 1192 1121 ἔτη
1232 1051 1334 1122 τῆς
1382 1051 1708 1122 Ἐκκλησίας
1753 1052 2029 1122 ἐκράτησε

463 1142 745 1214 δεκατρία,
816 1145 1104 1211 Ἰωάννης,
1159 1142 1220 1195 ὃν
1267 1144 1295 1195 ό
1351 1141 1508 1208 λόγος
1562 1142 1663 1213 ἠδη
1727 1141 2028 1212 προείρηκε

464 1235 786 1288 διδάσκαλον
810 1235 1069 1304 γενέσθαι
1103 1234 1200 1289 τοῦ
1230 1234 1494 1304 Θεοφίλου
1532 1236 1628 1290 καὶ
1668 1233 2028 1304 συναιρεσιὼ-

463 1343 582 1396 την,
629 1325 1038 1396 προχειρίζεται
1096 1327 1469 1396 πατριάρχης,
1533 1327 1592 1380 ὃν
1668 1329 1764 1381 καὶ
1823 1327 2028 1398 Ἰάννην

462 1414 689 1468 ἐκάλουν
742 1415 793 1466 οἱ
849 1417 991 1479 τότε,
1034 1415 1130 1467 καὶ
1187 1415 1277 1468 διὰ
1330 1416 1434 1485 τὴν
1491 1417 1725 1486 αἵρεσιν,
1783 1419 1880 1471 καί
1936 1417 2026 1471 διὰ

464 1501 740 1569 γοητείας,
788 1497 856 1573 ἦν
892 1502 1000 1573 γὰρ
1033 1504 1223 1567 αὑταῖς
1259 1505 1536 1576 ἐντριϐής.
1567 1507 1670 1560 Τὸν
1713 1505 1768 1560 δὲ
1807 1507 2030 1576 ἱερώτα-

459 1607 553 1642 τον
585 1590 844 1644 Μεθόδιον
870 1591 1005 1661 (ἓὸ),
1039 1592 1097 1656 ὃς
1129 1592 1356 1665 ὓστερον
1379 1594 1475 1648 καὶ
1503 1594 1595 1648 τὸν
1624 1595 2028 1665 πατριαρχικδν

462 1687 738 1756 ἐκόσμησε
796 1685 1009 1756 θρόνον,
1064 1687 1140 1758 μὴ
1201 1687 1525 1758 πειθόμενον
1593 1687 1886 1743 συνθέσθαι
1955 1689 2024 1759 τῇ

461 1777 752 1848 κακοδοξίᾳ
781 1777 969 1845 αὐτοῦ,
995 1779 1136 1847 μετὰ
1166 1779 1367 1842 πολλὰς
1400 1780 1584 1842 αίκίας
1629 1779 1725 1832 καὶ
1746 1779 1854 1832 τῶν
1898 1795 2022 1833 σια-

461 1865 634 1931 γόνων
668 1865 838 1918 αὑτοῦ
872 1865 1187 1930 σύνθλασιν,
1237 1869 1332 1921 καὶ
1380 1869 1491 1921 τῶν
1528 1869 1758 1923 ὀδόντων
1792 1869 2026 1941 ἐκρίζω-

459 1972 565 2019 σιν,
597 1957 678 2018 είς
710 1955 810 2026 τὴν
847 1957 1134 2029 Πάνορμον
1157 1961 1342 2030 νῆσον,
1378 1960 1412 2032 ἢ
1450 1961 1542 2014 νῦν
1575 1961 1670 2014 τοῦ
1711 1962 2021 2030 Ἀντιγόνου

459 2047 724 2110 καλεῖται,
806 2046 1133 2118 όδυσσεϐὴς
1201 2049 1526 2120 ὁπερορίζει
1585 2051 1869 2121 Θεόφιλος,
1929 2053 2024 2105 καὶ

457 2138 605 2200 ἐντὸς
633 2137 987 2208 καθείργνυσι
1017 2141 1304 2210 μνήματος
1335 2142 1476 2212 μετὰ
1520 2143 1613 2197 δύο
1652 2144 1868 2216 λῃστῶν
1889 2161 1904 2176 ·
1944 2139 2022 2199 ὧν

456 2226 554 2280 τοῦ
611 2228 732 2291 ἐνὸς
765 2228 1044 2293 θανόντος,
1081 2230 1214 2300 ὅσην
1243 2232 1271 2284 6
1325 2233 1481 2299 ἅγιος
1511 2235 1576 2286 ὲκ
1607 2235 1708 2304 τῆς
1746 2234 2020 2299 δυσώδους

456 2317 548 2371 τοῦ
599 2318 894 2384 τεθνεῶτος
952 2321 1242 2392 ἀποφορᾶς
1299 2323 1580 2394 ὕπήνεγκε
1633 2324 1754 2394 βίαν
1785 2328 1883 2379 καὶ
1917 2329 2016 2396 ἀη-

453 2408 593 2469 δίαν,
623 2411 722 2461 οὐκ
756 2412 829 2464 ἄν
858 2430 943 2474 τις
971 2413 1129 2479 λόγος
1184 2415 1387 2476 ἱκανῶς
1417 2415 1802 2485 διαγράψαιτο.
1868 2419 2018 2468 Ἐκεῖ

2135 501 2424 570 larumque
2490 503 2874 557 eontusionem
2927 512 2984 558 et
3039 505 3288 560 dentium
3339 511 3705 578 evulsioncm,

2137 592 2192 647 in
2249 592 2486 647 insulam
2537 596 2889 658 Panormum,
2942 611 3063 664 qua:
3115 613 3260 652 uuae
3321 599 3577 669 Antigoni
3615 617 3710 656 co-

2134 695 2490 754 gnomentum
2539 685 2726 748 habet,
2766 686 2967 756 impius
3014 687 3219 756 relegat
3264 688 3625 758 Theophilus,
3651 699 3709 746 et

2136 777 2276 831 intra
2312 788 2728 833 monumentum
2775 793 2899 832 cum
2948 778 3165 834 duobus
3208 780 3516 837 latronibus
3571 797 3706 836 con-

2133 861 2352 916 cludit:
2389 879 2624 932 quorum
2671 865 2847 918 altero
2903 876 3144 929 mortuo,
3180 877 3438 936 quantam
3490 868 3704 924 violen-

2135 951 2286 1016 tiam,
2349 960 2405 1006 ct
2455 953 2764 1007 molestiam
2835 954 2921 1007 vir
2987 962 3210 1008 sanctus
3271 969 3338 1008 ex
3409 958 3699 1011 teterrimo

2133 1037 2419 1092 cadaveris
2444 1038 2622 1094 fetore
2649 1039 2918 1106 tolerarit,
2945 1041 3093 1095 nulla
3125 1042 3416 1111 quisquam
3445 1045 3696 1101 oratione

2133 1130 2396 1200 consequi
2456 1139 2659 1199 potest.
2718 1132 2837 1185 Illic
2892 1133 3059 1202 igitur
3116 1134 3321 1203 inclyte
3387 1135 3480 1190 illo
3547 1146 3702 1206 patre

2133 1219 2369 1282 incluso,
2418 1221 2618 1276 fratres
2670 1222 2750 1276 illi
2809 1224 3158 1280 eonfessores
3218 1225 3585 1296 Theophanes
3644 1239 3701 1283 et

2132 1308 2476 1374 Theodorus,
2505 1320 2629 1381 post
2653 1313 2919 1366 facierum
2945 1317 3422 1384 eompunctionem
3451 1319 3697 1385 relegati,

2131 1415 2254 1456 cum
2302 1401 2371 1454 ad
2401 1400 2576 1456 Cartae
2610 1413 2829 1472 portum
2853 1405 3217 1473 appulissent,
3266 1423 3365 1475 per
3403 1410 3694 1476 quemdam

2130 1491 2459 1560 piscatorem
2486 1492 2768 1548 Methodio
2798 1494 3123 1550 familiarem
3155 1497 3270 1552 haec
3307 1498 3650 1567 scripserunt
3681 1518 3694 1554 :

2200 1667 2202 1670 .
2279 1624 2485 1696 Viventi
2523 1635 2748 1688 mortuo,
2781 1637 2935 1696 atque
2970 1636 3174 1682 mortuo
3207 1631 3369 1684 simul

2286 1694 2457 1747 Vitam
2490 1697 2696 1762 ferenti,
2728 1699 2819 1765 qui
2848 1694 2965 1750 cum
2998 1697 3240 1751 tellurem
3267 1702 3402 1753 colat

2268 1764 2424 1818 Polo:
2453 1775 2711 1832 pererrat,
2738 1764 2958 1820 litterati
2983 1767 3186 1822 litteras

2274 1832 2445 1888 Vincti
2469 1836 2654 1888 misere
2680 1835 2902 1888 vinculis
2927 1837 3203 1890 adobruta.

2119 1948 2332 2016 Quibus
2385 1963 2482 2018 per
2532 1949 2786 2004 eumdem
2825 1949 3155 2020 piscatorem
3199 1949 3282 2003 vir
3326 1958 3550 2005 sanctus
3605 1965 3695 2006 re-

2119 2043 2225 2098 seri
2234 2041 2346 2112 psit
2381 2061 2392 2095 :

2264 2149 2498 2214 Quorum
2527 2158 2711 2203 notata
2743 2151 2960 2203 nomina
2990 2150 3043 2202 in
3073 2149 3372 2204 caelestibus

2261 2220 2430 2272 Libri;
2467 2219 2733 2288 leguntur,
2775 2228 2823 2270 et
2858 2219 3153 2288 decentibus
3176 2223 3306 2272 votis

2271 2287 2607 2358 Compunctte
2638 2289 2854 2356 frontes.
2887 2287 3092 2340 vinculo
3117 2289 3377 2355 Oppressi:

2268 2359 2403 2412 Dicit
2437 2357 2684 2423 salutem,
2706 2358 2794 2426 qui
2825 2359 2998 2410 vivens
3027 2357 3260 2424 sepultus
3293 2365 3392 2412 est.

456 2497 633 2549 τοίνυν
659 2499 1116 2569 ἐγκεκλεισμένου
1143 2501 1236 2554 τοῦ
1263 2501 1513 2571 ἀοιδίμου
1576 2504 1786 2556 ἐκείνου
1851 2505 2088 2573 Πατρὸς,
2130 2501 2225 2556 καὶ
2286 2504 2336 2555 οἱ
2386 2502 2732 2569 αὑτάδελεροι,
2761 2503 2789 2554 ὅ
2830 2519 2889 2554 τε
2939 2502 3222 2572 Θεοφάνης
3266 2505 3362 2557 καὶ
3414 2505 3692 2576 Θεόδωρος

457 2587 598 2654 μετὰ
633 2589 732 2656 τὴν
769 2589 878 2641 τῶν
909 2591 1221 2660 προσώπων
1258 2593 1578 2660 κατάστιξιν
1633 2593 2113 2665 ὑπεροριζόμενοι,
2182 2592 2278 2647 καὶ
2350 2593 2493 2647 κατά
2553 2591 2644 2646 τὸν
2671 2592 2864 2662 Κάρτα
2894 2577 3097 2660 λιμένὲι
3136 2592 3564 2658 καταλύσαντες,
3599 2595 3693 2648 διά

452 2697 593 2743 τινος
611 2680 806 2744 ἁλιέως
831 2683 1097 2754 συνήθους
1116 2683 1194 2754 τῷ
1213 2684 1344 2756 ίερῷ
1365 2684 1613 2756 Μεθοδίῳ
1633 2687 2010 2741 ἐπιστέλλουσι
2048 2685 2222 2742 ταῦτα
2263 2702 2279 2718 ο

1379 2819 1466 2883 Τῷ
1499 2819 1667 2881 ζῶντι
1696 2821 1906 2890 νεκρῷ,
1937 2821 2034 2875 καὶ
2073 2817 2265 2888 νεκρῷ
2299 2817 2597 2886 (causatua).

1370 2891 1613 2944 Ναίοντι
1652 2893 1766 2959 τὴν
1794 2889 1930 2960 γῆν,
1972 2891 2073 2960 καί
2109 2890 2402 2942 πολοῦντι
2441 2891 2547 2942 τὸν
2585 2889 2800 2952 πόλον,

1366 2961 1630 3026 Γραπτοὶ
1670 2959 1969 3030 γράφουσι
1999 2959 2079 3025 τῷ
2106 2960 2351 3026 δεσμίῳ.

453 3046 548 3114 Οἷς
581 3050 740 3104 πάλιν
786 3049 874 3104 διὰ
912 3051 1005 3104 τοῦ
1053 3050 1218 3105 αὑτοῦ
1259 3051 1458 3115 ἁλιέως
1499 3054 1528 3104 6
1573 3053 1722 3114 ὅσιος
1766 3051 2184 3117 ἀνταπέστειλε,

1366 3141 1512 3207 Τοὺς
1551 3141 1679 3206 ταῖς
1701 3142 2016 3206 βίϐλοισιν
2043 3141 2305 3207 οὐρανοῦ
2337 3139 2790 3209 κλησιγράςςους

1356 3212 1462 3264 Kal
1498 3211 1647 3278 πρὸς
1679 3210 1923 3279 μέτωπα
1952 3212 2276 3277 σωφρόνως
2311 3212 2705 3277 ἐστιγμένους

1353 3282 1689 3347 Προσεῖατεν
1719 3283 1750 3334 ό
1776 3279 2069 3344 ζὼθαπτος
2098 3279 2179 3346 ὼς
2207 3279 2640 3363 συν-δεσμίους.

477 3427 718 3496 Εϐδομον
746 3425 792 3480 δ’
821 3425 937 3487 ἔτος
966 3423 1222 3486 διανύσας
1255 3425 1314 3477 ὲν
1347 3422 1422 3492 τῷ
1447 3423 1604 3492 τάφῳ
1630 3426 1658 3476 6
1681 3422 1857 3490 ἅγιος,
1888 3419 2008 3477 εἶτα

2109 3419 2246 3475 Cum
2272 3428 2455 3473 autem
2491 3417 2785 3487 septimum
2815 3433 3020 3474 annum
3043 3421 3097 3475 in
3119 3424 3375 3493 sepulcro
3396 3426 3684 3496 exegisset,

454 3519 657 3574 εκεῖθεν
679 3517 962 3588 ἐκϐληθεὶς
989 3518 1043 3569 έν
1075 3516 1187 3578 τοῖς
1211 3515 1531 3585 ἀνακτόροις
1557 3515 2004 3577 κατεκέκλειστο,

459 3610 676 3680 μηδενὸς
717 3608 879 3662 αὑτὸν
908 3606 1227 3677 ὁρῶντος,ῆ
1267 3605 1428 3675 μόνον
1470 3605 1562 3658 τοῦ
1608 3605 2012 3674 ὑπηρετοῦντος

446 3701 612 3772 αὐτῷ,
647 3701 740 3754 καὶ
767 3699 860 3753 τοῦ
889 3697 1150 3768 βασιλέως
1169 3713 1184 3730 ⁶
1219 3696 1524 3766 φιλοπονῶν
1556 3695 1665 3767 γὰρ
1691 3697 1719 3749 6
1751 3694 2012 3763 Θεόφιλος

446 3795 541 3847 κα)⁸
576 3789 988 3859 ἀναγινώσκων,
1019 3787 1208 3858 ἠρώτα
1253 3786 1348 3840 τὸν
1390 3787 1536 3858 ἱερὸν
1579 3786 1843 3840 Μεθόδιον
1880 3784 2011 3855 περὶ

448 3879 518 3936 ὢν
544 3880 902 3952 ἀμφιϐάλλων
930 3875 1021 3949 ἦν,
1050 3877 1130 3932 διὸ
1163 3879 1259 3932 καὶ
1299 3879 1356 3931 ὲν
1384 3881 1506 3942 ταῖς
1545 3877 1881 3948 ἀποδημίαις
1919 3878 2010 3931 ἀεὶ

449 3976 674 4030 συνόντα
705 3968 851 4041 εἶχεν
879 3969 1050 4040 αὐτῷ.

512 4064 640 4121 ΚΘ’.
689 4065 888 4135 Ἐαρος
912 4062 956 4114 δ’
988 4061 1332 4126 ἐπιστάντος,
1373 4061 1515 4115 κατὰ
1545 4061 1656 4114 τῶν
1690 4062 2010 4134 ’Λγαρηνῶν

441 4162 468 4211 ὁ
500 4157 776 4228 βασιλεὺς,
811 4155 908 4210 καὶ
937 4153 1103 4208 πάλιν
1147 4150 1249 4224 ἦρε
1285 4153 1355 4206 τὰ
1386 4153 1548 4219 ὅπλα,
1585 4155 1680 4208 καὶ
1713 4154 1884 4206 πολλὰ
1910 4155 2008 4224 τῆς

443 4249 641 4318 Συρίας
667 4244 1020 4316 ἐξεπόρθησε,
1055 4244 1152 4297 καὶ
1198 4243 1408 4298 πόλεων
1455 4244 1751 4314 ἐκράτησε,
1785 4246 1878 4298 καὶ
1909 4247 2007 4300 αὐ-

440 4340 540 4410 τῆς
573 4337 952 4407 Σωζοπέτρας,
1012 4337 1046 4407 ἡ
1121 4333 1321 4406 πατρὶς
1364 4335 1628 4407 ἐτύγχανε
1665 4337 1760 4390 τοῦ
1807 4339 2006 4408 Ἀμερ-

446 4431 688 4503 μουμνῆ,
714 4435 808 4483 καὶ
838 4430 1012 4482 ταῦτα
1044 4427 1218 4480 πολλὰ
1262 4427 1518 4495 δεομένου
1551 4429 1786 4494 ἐκείνου,
1816 4431 2008 4498 φεῖσα-

444 4523 566 4577 σθαι
625 4525 726 4590 τῆς
777 4520 1035 4592 πατρίδος
1106 4519 1297 4574 αὑτοῦ.
1341 4520 1400 4572 '0
1457 4519 1557 4590 μὲν
1609 4516 1702 4574 οὖν
1752 4521 2009 4591 βασιλεὺς

439 4614 725 4678 ἀνέζευξεν
777 4610 1042 4680 εὐτυχῶς.
1079 4609 1140 4662 '0
1195 4609 1467 4677 Θεόφοὸος
1511 4609 1568 4662 δὲ
1625 4611 2008 4680 καταλειφθεὶς

438 4707 581 4760 ὥστε
611 4707 679 4760 τὰ
739 4703 846 4758 τῶν
898 4702 1330 4776 στρατευμάτων
1377 4702 1859 4772 οἰκονομήσασθαι,
1887 4703 2007 4756 ἐπεὶ

2107 3508 2237 3562 inde
2267 3507 2479 3577 ejectus
2505 3521 2667 3576 atque
2701 3507 2751 3561 in
2783 3510 2931 3579 regia
2971 3514 3267 3567 conclusus
3311 3525 3415 3580 est,
3465 3519 3686 3572 nemine

2107 3616 2234 3655 cum
2253 3600 2496 3662 vidente,
2519 3608 2717 3668 praeter
2738 3601 3050 3655 ministrmn
3074 3604 3640 3676 ejllSﬁllTilCOpllllllm
3668 3629 3681 3662 :

2108 3690 2202 3760 qui
2234 3705 2358 3744 cum
2392 3691 2640 3744 studiose
2663 3689 2891 3758 legeret,
2934 3692 3179 3747 divinum
3213 3696 3388 3749 virum
3425 3698 3498 3752 de
3549 3700 3686 3754 locis

2107 3782 2294 3837 dubiis
2344 3781 2928 3851 interrogabat,eaque
2958 3784 3024 3838 de
3061 3801 3222 3840 causa
3258 3789 3422 3842 ctiam
3457 3789 3511 3842 in
3549 3804 3679 3859 per-

2107 3876 2544 3948 egrinationibus
2611 3888 2829 3944 semper
2867 3877 3106 3934 habebat
3140 3895 3351 3936 secum.

2174 4060 2368 4116 XXIX.
2393 4062 2531 4116 Vere
2552 4061 2848 4133 incipiente
2868 4063 3169 4133 imperator
3189 4079 3399 4127 rursus,
3417 4064 3679 4133 Agarenis

2103 4170 2256 4209 arma
2283 4153 2468 4208 intulit
2495 4165 2573 4222 et,
2597 4171 2790 4226 magna
2821 4154 2992 4226 Syria:
3013 4164 3167 4224 parte
3189 4161 3421 4213 vastata,
3446 4154 3682 4212 urbibus

2102 4259 2186 4304 est
2233 4249 2460 4319 potitus,
2531 4249 2752 4319 ipsaque
2797 4246 3097 4317 Sozopetra
3137 4247 3312 4316 patria
3378 4244 3670 4300 Amermu-

2105 4340 2248 4394 umis
2274 4357 2287 4394 :
2315 4339 2562 4409 quamvis
2593 4340 2681 4394 ille
2717 4339 2975 4403 multum,
3008 4338 3104 4392 sed
3135 4337 3361 4402 frustra,
3387 4350 3547 4391 ora:e
3577 4375 3592 4401 ,
3621 4346 3681 4390 ut
3755 4371 3761 4374 -

2105 4431 2295 4501 patria:
2329 4429 2480 4500 151
2511 4445 2621 4484 suae
2648 4439 2986 4499 parceretur.
3010 4429 3086 4484 Ac
3124 4429 3422 4497 imperator
3447 4428 3682 4483 feliciter

2107 4522 2330 4576 domum
2359 4522 2544 4576 rediit.
2577 4521 2952 4591 TheOphobus
2980 4529 3163 4576 autem
3199 4521 3263 4574 ad
3289 4521 3679 4591 gubernandas

2106 4615 2351 4685 legiones
2380 4615 2628 4678 relictus,
2660 4629 2786 4669 cum
2817 4614 3111 4669 Persarum
3153 4612 3428 4682 stipendia
3466 4613 3676 4668 tardius

2109 4705 2459 4760 solverentur
2515 4703 2774 4771 (habebat
2825 4705 2974 4757 enim
3021 4702 3319 4772 imperator
3369 4703 3674 4758 exercitum

439 4798 500 4851 τὸ
534 4797 644 4851 τῶν
700 4794 926 4862 Περσῶν
990 4792 1268 4863 ὑστέρησε
1306 4791 1617 4861 σιτηρέσιον
1663 4792 2004 4863 (στράτευμα

2109 4794 2435 4866 Persicum),
2464 4769 2531 4850 ab
2565 4795 2673 4850 illis
2704 4769 3137 4864 indignantibus,
3168 4794 3253 4848 vel
3281 4793 3485 4849 invitus
3512 4805 3677 4863 atque

438 4890 548 4960 γὰρ
583 4885 653 4960 ἦν
681 4888 758 4958 τῷ
789 4887 1000 4955 βασιλεῖ
1031 4883 1348 4954 Περσικὸν),
1395 4882 1887 4952 περιαλγησάντων
1919 4881 2007 4936 διὰ

2103 4889 2172 4943 ab
2192 4903 2254 4942 ea
2299 4887 2681 4958 desperatione
2713 4886 2918 4940 frustra
2970 4885 3288 4950 dehortans,
3336 4899 3405 4939 ne
3449 4893 3504 4938 et
3533 4899 3591 4936 se
3620 4893 3677 4937 et

435 4980 595 5035 τοῦτο
622 4979 730 5032 τῶν
765 4975 1010 5049 Ηερσῶν,
1045 4975 1302 5046 βασιλεὺς
1339 4974 1470 5044 παρ’
1504 4973 1686 5026 αὐτῶν
1725 4973 2006 5043 ἀνερρήθη

2103 4979 2430 5048 semetipsos
2457 4978 2511 5031 in
2539 4987 2782 5032 extrema
2815 4978 2953 5030 mala
2984 4976 3338 5046 eonjieerent,
3376 4975 3675 5042 imperator

437 5071 533 5123 καὶ
559 5069 730 5132 ἄκων,
761 5068 962 5137 μᾶλλον
992 5067 1049 5119 δὲ
1089 5066 1184 5118 καὶ⁸
1212 5064 1550 5134 παρακαλῶν
1582 5064 1777 5128 αὐτοὺς
1813 5064 2006 5152 μεθεῖ-

2104 5071 2395 5124 salutatur.
2437 5069 2555 5135 Quo
2587 5069 2752 5133 facto,
2803 5069 2943 5123 clam
2980 5069 3182 5133 Persis,
3234 5066 3290 5121 id
3343 5065 3668 5133 imperatori

437 5178 528 5214 ναι
581 5160 680 5229 τῆς
736 5157 1016 5222 ἀπονοίας,
1077 5158 1152 5224 μὴ
1224 5159 1318 5208 καὶ
1388 5155 1762 5220 ἑαυτοὺν,καὶ
1819 5155 2008 5207 ὲαυτδν

2103 5160 2392 5231 signiﬁcat,
2419 5160 2579 5228 eique
2611 5159 2768 5214 fidem
2805 5161 2967 5232 facit,
3015 5175 3082 5213 ne
3123 5157 3252 5227 quid
3279 5153 3487 5207 sinislri
3517 5154 3586 5207 dc
3613 5170 3672 5209 se

439 5249 690 5318 ἐσχάτοις
747 5249 940 5307 κακοῖς
991 5245 1399 5314 περιΰάλωσιν·
1467 5246 1588 5296 ἀλλ’
1638 5247 1738 5297 οὐκ
1799 5244 2006 5296 ἔπειθε.

2105 5252 2439 5320 suSpicetur.
2481 5253 2752 5306 Reversus
2785 5253 3172 5322 imperatorem
3218 5245 3449 5309 accedit,
3482 5255 3538 5298 et
3573 5261 3670 5297 cu-

440 5339 655 5391 Στέλ).ει
687 5338 816 5406 γοῦν
851 5339 988 5408 πρὸς
1029 5337 1119 5390 τὸν
1151 5337 1396 5406 βασιλέα,
1431 5339 1593 5389 τοῦτο
1628 5338 1753 5399 τοὺς
1788 5336 2003 5404 Πέρσας

2116 5342 2725 5413 pidissimeexcipitur,
2754 5344 2983 5412 pristina
3011 5337 3270 5392 felicitate
3306 5345 3543 5404 recepta.
3575 5335 3672 5388 Est

439 5428 913 5499 ἀποκρυψάμενος,
949 5429 1229 5498 γνωρίζων
1265 5427 1324 5480 τὸ
1345 5429 1587 5496 γεγονὸς,
1625 5429 1718 5481 καὶ
1749 5428 1920 5498 μηδέν
1950 5445 2004 5479 τι

2113 5440 2168 5484 et
2201 5431 2378 5485 Persis
2404 5434 2660 5488 omnibus
2690 5434 2815 5487 data
2846 5428 3025 5490 venia,
3068 5439 3245 5494 neque
3279 5422 3384 5477 alia
3433 5423 3671 5492 irrogata

1621 5565 1817 5628 Varias
1848 5567 2148 5630 lectiones
2184 5577 2245 5630 et
2283 5579 2469 5634 notae.
2867 5593 2872 5600 θ
3215 5653 3220 5658 ὑ

513 5687 620 5748 (28)
655 5686 764 5742 Τὸν
795 5687 862 5742 δὲ
888 5687 1202 5756 ἱερώτατον
1227 5689 1541 5746 Μεθόδιον.
1581 5689 1750 5760 Cujus
1796 5689 1996 5747 festum

2104 5697 2201 5748 unt
2224 5690 2396 5749 Graeci
2426 5693 2495 5746 24
2533 5689 2700 5758 Junii,
2734 5697 2792 5743 ut
2825 5687 2988 5744 estin
3016 5685 3256 5743 Menaeis.
