3958 6204
254 269 386 334 1411

1553 262 1874 328 ΙΟΑΝΝΙΒ
1911 260 2232 323 ZONARIE

3360 258 3500 324 1412

248 397 434 451 poena,
467 380 574 438 nisi
601 381 750 452 quod
784 395 1056 436 unaesse
1087 379 1177 435 siti
1209 395 1320 434 non
1354 387 1502 442 sunt,
1547 377 1644 432 sed
1685 391 1810 431 cum

1936 375 2039 428 ιατ’
2067 373 2234 428 αὐτοῦ
2256 370 2580 426 ὑποπτεύειν
2611 368 2994 438 πληροφορῶν.
3027 367 3137 422 Καὶ
3174 371 3502 424 ἐπανελθὼν

247 473 436 526 tricies
461 473 608 528 mille
633 469 841 536 dsscnt,
870 473 1031 527 divisi
1055 487 1118 527 ac
1139 471 1374 542 dispersi
1407 479 1560 532 sunt,
1587 469 1815 522 cuilibet

250 564 548 633 provincia:
608 565 755 620 binis
827 564 1072 618 millibus
1142 562 1444 625 attributis,
1496 573 1816 628 carumque

251 657 578 722 praetoribus
609 657 836 712 subesse
863 672 929 711 ae
956 672 1148 725 parere
1168 655 1328 725 iussi.
1350 655 1527 724 Atque
1555 654 1669 707 haec
1689 665 1815 706 cum

251 745 434 800 Persis
478 756 532 800 et
587 745 923 816 'l'heophoho
974 755 1096 800 acta
1157 755 1307 800 sunt.
1371 747 1817 799 Amermumnem

171 857 174 862 ι
255 844 441 891 autem
473 838 667 907 patriae
691 853 804 892 sum
844 838 1079 892 vastatio
1113 845 1264 893 tanto
1289 837 1480 892 dolore
1516 834 1722 895 aiiceit.
1758 841 1820 888 ut

251 928 420 981 vitam
476 929 582 983 sibi
640 929 896 985 acerbam
955 937 1215 999 putaret,
1285 929 1394 983 nisi
1453 926 1820 995 Theophilum

254 1017 641 1084 ulcisceretur,
701 1019 860 1090 cujus
916 1020 1148 1088 patriam
1209 1034 1338 1074 esse
1385 1018 1670 1072 Amorium
1724 1016 1818 1070 ubi

255 1107 620 1177 cognovisset,
657 1123 778 1162 eam
807 1108 996 1162 urbem
1017 1123 1336 1178 oppugnare
1371 1107 1677 1162 constituit.
1705 1103 1816 1160 Sed

256 1198 552 1268 imperator
601 1197 976 1268 praemonitus,
1025 1214 1146 1252 eam
1204 1213 1328 1252 cum
1372 1197 1666 1252 structuris
1707 1205 1821 1249 tum

262 1289 605 1346 exercitibus
655 1290 844 1345 missis
882 1291 1228 1358 communiit,
1262 1290 1466 1359 quibus
1494 1287 1822 1343 Theodorus

254 1381 540 1451 Craterus,
597 1382 759 1451 cujus
815 1397 980 1451 supra
1029 1383 1168 1436 facta
1203 1391 1288 1438 est
1314 1380 1542 1446 mentio,
1571 1386 1824 1449 praeerat,

259 1473 553 1542 eteteriqne
596 1473 688 1541 qui
738 1471 886 1539 apud
931 1471 1210 1542 Agarenos
1265 1472 1319 1525 in
1362 1461 1610 1541 martyrii
1647 1469 1826 1524 stadio

257 1565 647 1628 decurrerunt,
675 1578 906 1618 numero
938 1579 1089 1618 mu.
1114 1563 1259 1618 Exiit
1278 1572 1332 1618 et
1362 1562 1659 1632 imperator
1681 1561 1827 1632 Agao

1918 468 2168 537 πρόσεισι
2199 466 2276 534 τῷ
2321 465 2550 536 βασιλεῖ.
2583 464 2745 524 αὐτὸς
2778 461 2884 531 μὲν
2921 461 3248 531 ἀποδεχθεὶς
3270 463 3498 531 εὐμενέ-

1920 575 2111 621 στατα,
2171 558 2266 610 καὶ
2312 558 2412 625 τὴν
2468 555 2743 624 προτέραν
2798 553 3092 621 εὐετηρίαν
3149 553 3500 622 ἀπειληφὼς.

1920 646 2105 700 Καϊοί
2139 645 2351 715 Πέρσαι
2380 644 2437 696 δὲ
2498 643 2830 712 συγγνώμης
2863 643 3062 706 πάντες
3112 643 3367 710 ὴξίωντο,
3395 646 3502 697 καὶ

1920 736 2075 789 οὐδέν
2101 753 2155 790 τι
2185 737 2370 799 αὐτοῖς
2401 737 2732 805 ὲπενήνεκτο
2781 735 2991 805 ἕτερον,
3019 733 3052 801 ἦ
3107 734 3190 786 δτι
3235 736 3331 803 οὐχ
3357 737 3501 804 ὁμοῦ

1922 829 2125 891 πάντες
2153 825 2296 882 εἶναι
2325 828 2608 892 εἰάθησαν,
2655 827 2772 880 ἀλλ’
2800 829 2857 890 ὲς
2896 826 3171 896 μυριάδας
3199 828 3504 897 συναγόμε·

1923 937 2005 975 vet
2031 922 2204 992 τρεῖς,
2221 920 2570 992 διῃρέθησαν,
2595 921 2688 972 καὶ
2718 920 3116 989 διεσπάρησαν,
3151 919 3246 970 καὶ
3276 920 3499 986 ἑκάστῳ

1925 1010 2121 1080 Θέματι
2156 1009 2397 1080 χιλιάδες
2445 1008 2540 1062 δύο
2577 1008 3030 1078 ἀπενεμήθησαν,
3075 1007 3217 1060 ὥστε
3246 1009 3360 1068 τοῖς
3384 1009 3500 1058 τῶν

1925 1101 2181 1172 θεμάτων
2221 1103 2553 1171 στρατηγοῖς
2585 1099 2680 1153 καὶ
2703 1098 3024 1152 ὑποκεῖσθαι
3064 1101 3158 1153 καὶ
3184 1099 3498 1154 πείθεσθαι.

1925 1191 2008 1243 Τὰ
2050 1191 2150 1261 μὲν
2179 1190 2274 1244 οὖν
2323 1190 2454 1261 περὶ
2483 1190 2613 1253 τοὺς
2670 1189 2889 1258 Πέρσας
2936 1187 3035 1240 καὶ
3075 1189 3167 1239 τὸν
3219 1187 3502 1254 Θεδφοδον

1924 1279 2066 1352 ἦσαν
2121 1284 2178 1334 ὲν
2233 1282 2471 1345 τούτοις.
2523 1281 2631 1333 Τοῦ
2675 1281 2731 1333 δὲ
2795 1280 3194 1349 ’Δμερμουμνῆ
3239 1279 3507 1331 τοσοῦτον

1929 1373 2213 1442 καθήψατο
2238 1374 2270 1443 ἡ
2297 1374 2394 1442 τῆς
2431 1372 2597 1425 αὑτοῦ
2625 1371 2886 1440 πατρίδος
2915 1371 3274 1440 ὲκπόρθησις,
3315 1371 3391 1432 ὡς
3425 1370 3505 1438 μὴ

1927 1465 2162 1534 ἀνεκτὴν
2220 1462 2358 1519 εἶναι
2393 1463 2542 1534 αὐτῷ
2587 1465 2693 1530 τὴν
2719 1462 2888 1532 ζωὴν,
2923 1466 2971 1516 εί
3029 1464 3104 1532 μὴ
3136 1462 3410 1532 ἀμύναιτο
3436 1462 3509 1513 δι’

1926 1557 2096 1627 αὐτὴν
2125 1557 2218 1609 τὸν
2247 1557 2529 1626 Θεόφιλον.
2565 1556 2778 1610 Μαθὼν
2835 1549 2927 1608 οὖν
2949 1553 3188 1624 πατρίδα
3227 1547 3374 1605 εἷναι
3403 1552 3508 1603 αὖ·

258 1653 410 1707 renis
441 1668 796 1718 occursurus,
827 1661 885 1708 et
922 1668 1045 1707 cum
1080 1653 1491 1707 Amermumnis
1540 1651 1654 1706 lilio
1700 1666 1825 1705 cum

1936 1651 2023 1703 τοῦ
2069 1651 2132 1704 τὸ
2201 1649 2458 1721 Ἀμόριον
2522 1650 2635 1719 (‘29)
2671 1689 2685 1713 ,
2741 1649 2834 1702 ἐπ’
2877 1650 3008 1702 αὐτδ
3067 1645 3508 1716 στρατεύσασθαι

255 1744 421 1814 justis
481 1743 658 1813 capiis
717 1743 1049 1798 adventante
1103 1757 1456 1812 congressus,
1520 1741 1578 1795 in
1641 1740 1825 1810 fugam

1936 1743 2164 1809 ἔγνωκε.
2200 1711 2310 1796 καὶι
2427 1711 2683 1813 βασιλευς
2713 1742 2878 1795 τοῦτο
2902 1741 3064 1808 γνοὺς
3094 1739 3230 1792 αὐτὸ
3250 1737 3506 1806 κατωχὺ-

263 1836 518 1889 vertitur.
558 1835 731 1889 Nocte
770 1835 1018 1888 insecuta
1051 1834 1263 1890 Manuel
1288 1835 1416 1888 dum
1444 1835 1660 1905 vigilias
1686 1836 1826 1902 obit,

265 1927 530 1996 quosdam
557 1928 752 1983 Persas
785 1925 930 1997 (nam
961 1927 1203 1996 linguam
1232 1942 1426 1982 eorum
1464 1927 1828 1997 intelligebat)

265 2019 420 2072 audit
457 2019 524 2072 de
581 2017 895 2082 proditione
947 2032 1071 2071 cum
1119 2017 1383 2086 Agarenis
1431 2018 1829 2087 colloquentes,

259 2123 437 2177 eoque
472 2111 747 2173 nuntiato,
784 2108 1106 2177 imperatori
1155 2108 1470 2177 persuadet,
1505 2118 1566 2161 ut
1614 2109 1717 2163 sub
1745 2108 1832 2162 di-

262 2198 507 2253 luculum
575 2199 769 2254 castris
813 2199 1190 2254 excedatzsic
1233 2198 1324 2252 ille
1362 2198 1635 2261 discessit,
1703 2199 1832 2253 totis

263 2289 494 2343 habenis
525 2305 667 2358 equo
699 2290 924 2343 laxatis.
977 2289 1389 2343 Amermumncs
1432 2300 1614 2343 autem
1661 2303 1726 2343 ex
1765 2303 1833 2343 eo

262 2396 514 2444 securus,
559 2381 767 2436 Amorii
813 2381 1158 2436 obsidionem
1196 2396 1508 2450 aggressus,
1548 2396 1670 2434 cum
1705 2395 1831 2434 cre-

263 2470 390 2525 bras
441 2470 834 2538 impressiones
888 2470 1115 2532 faceret,
1176 2469 1318 2523 nihil
1371 2468 1714 2539 proficiebat,
1767 2468 1841 2524 iis

263 2559 358 2630 qui
429 2561 580 2614 intus
663 2570 824 2616 erant
874 2559 1092 2615 fortiter
1138 2559 1545 2621 resistentibus.
1597 2559 1734 2614 adeo
1776 2567 1838 2614 ut

263 2653 500 2724 Agareni
550 2655 971 2724 eXpugnationis
1003 2669 1099 2724 spe
1141 2655 1348 2724 abiecta
1389 2654 1687 2710 discessuri
1713 2653 1834 2710 fue-

265 2744 468 2809 rint,et
499 2743 631 2797 urbs
663 2743 959 2798 incolumis
977 2760 1348 2813 permansura,
1372 2743 1477 2798 nisi
1500 2744 1720 2813 quidam
1753 2744 1835 2798 in-

265 2845 378 2899 tus,
395 2842 758 2904 cognomento
801 2833 1096 2901 Boiditzcs,
1123 2835 1193 2889 ob
1214 2834 1619 2890 contentionem
1646 2850 1839 2905 quam-

266 2923 390 2976 dam
422 2925 610 2977 furore
642 2923 908 2988 percitus,
940 2937 1061 2977 eam
1090 2923 1442 2993 prodidisset.
1469 2923 1613 2979 Urbe
1643 2932 1830 2993 capta,

268 3007 506 3084 quantus
539 3017 777 3083 populus
823 3029 998 3070 tta-sus
1053 3014 1244 3079 fuerit,
1302 3013 1412 3070 diei
1484 3030 1594 3068 non
1633 3026 1830 3085 potest.
1861 3043 1906 3106 ρ

269 3102 558 3157 Mulierum
592 3117 746 3168 vero,
776 3117 1070 3171 puerorum
1103 3111 1160 3156 et
1205 3099 1648 3155 adolescentium
1668 3102 1836 3157 multa

267 3193 463 3253 millia.
501 3201 555 3247 et
587 3193 758 3247 duces
807 3193 1077 3262 primarii,
1110 3192 1396 3255 Callistus,
1421 3193 1835 3256 Constantinus,

268 3283 599 3338 Theodorus
625 3283 909 3346 Craterus,
945 3283 1104 3349 152
1143 3281 1382 3348 patrieti,
1427 3281 1631 3348 aliique
1681 3285 1837 3337 multi

267 3374 469 3442 partim
520 3372 780 3441 pra-turis
829 3372 1091 3441 insignes,
1130 3371 1333 3440 partim
1368 3370 1695 3440 dignitatum
1742 3374 1839 3428 bo-

269 3465 502 3518 noribus
560 3463 820 3524 illustres,
879 3466 933 3515 in
990 3462 1365 3530 captivitatem
1415 3470 1544 3517 sunt
1593 3464 1838 3519 abducti.

275 3553 374 3606 llis
406 3551 771 3620 Theophilus,
805 3551 896 3620 qui
924 3549 1155 3622 Dorylaei
1188 3559 1302 3605 tum
1339 3551 1552 3622 agebat,
1581 3555 1838 3624 cognitis,

270 3640 452 3714 missis
483 3632 561 3694 ad'
589 3639 988 3694 lsmaelitarum
1021 3639 1327 3710 principem
1352 3641 1570 3711 legatis,
1601 3641 1842 3699 illustres

270 3731 515 3801 captivos
529 3742 584 3786 et
607 3744 806 3802 genere
835 3730 937 3785 sibi
969 3730 1213 3800 junctos,
1234 3747 1360 3786 xxtv
1387 3733 1718 3790 centenariis
1736 3733 1845 3788 sibi

274 3825 433 3881 reddi
483 3825 665 3894 petiit.
711 3824 863 3890 Quos
911 3824 1002 3878 ille
1052 3832 1378 3894 arroganter
1409 3823 1639 3890 dimisit,
1671 3841 1730 3880 se
1761 3825 1844 3881 fa-

275 3925 432 3971 tuum
465 3917 583 3972 lore
615 3916 833 3978 dicens,
869 3917 913 3970 si
946 3915 1194 3986 captivos
1233 3915 1446 3970 tantilla
1485 3918 1718 3986 pecunia
1759 3934 1841 3973 re.

272 4008 549 4071 stitucret,
590 4021 714 4060 eum
755 4006 862 4060 sibi
900 4006 1177 4076 expeditio
1204 4005 1428 4062 circiter
1463 4007 1612 4062 mille
1661 4016 1844 4064 cente-

272 4098 446 4154 nariis
475 4097 844 4153 constitisses.
926 4095 1145 4166 Legatis
1190 4113 1250 4151 re
1304 4097 1504 4154 inlecta
1571 4100 1846 4165 reversis,

272 4194 560 4250 calamitas
602 4193 692 4247 illa
728 4193 810 4247 sic
841 4189 1134 4260 Theophili
1189 4191 1434 4246 animum
1479 4192 1734 4261 perculit.
1785 4201 1846 4246 ut

271 4285 326 4340 ei
371 4285 520 4339 nulla
588 4281 896 4339 consolatio
947 4280 1199 4336 adhiberi
1249 4291 1456 4352 posset,
1487 4283 1583 4336 sed
1624 4291 1679 4338 et
1722 4281 1845 4337 cibo

1933 1847 2126 1901 ρωσεν,
2161 1831 2338 1893 ἄλλως
2370 1848 2431 1884 τε
2483 1831 2579 1884 καὶ
2615 1830 3049 1901 στρατευμάτων
3079 1827 3384 1896 ἀποστολῇ,
3430 1819 3507 1876 ὧν

1927 1919 2098 1992 ἦρχον
2131 1921 2409 1992 Θεόδωρος
2434 1922 2464 1974 6
2495 1921 2805 1992 Κρατερὸς,
2838 1917 2903 1972 οὗ
2934 1919 3046 1990 πρὸ
3069 1918 3272 1988 μικροῦ
3301 1919 3336 1986 ή
3368 1919 3511 1969 ἱστο-

1932 2015 2024 2084 ρία
2053 2013 2325 2084 ἐμνήσθη,
2361 2013 2459 2067 καὶ
2488 2012 2539 2066 οἱ
2591 2013 2792 2089 λοιποὶ
2824 2012 2875 2064 οἳ
2912 2013 3006 2064 καὶ
3045 2011 3140 2063 τὸν
3158 2009 3258 2062 τοῦ
3297 2026 3507 2079 μαρτυ-

1934 2104 2046 2175 ρίου
2074 2104 2278 2174 δρόμον
2305 2103 2572 2173 ὲξήνυσαν
2610 2102 2764 2172 παρὰ
2785 2104 2900 2165 τοῖς
2931 2102 3283 2170 Ἀγαρηνοίς,
3315 2115 3506 2152 τεσσα-

1933 2196 2173 2264 ράκοντα
2218 2194 2315 2246 καὶ
2353 2193 2448 2246 δύο
2501 2192 2705 2255 πάντες
2751 2192 3144 2261 τυγχάνοντες.
3195 2189 3404 2258 Ἐξῆλθε
3435 2188 3495 2240 δὲ

1932 2285 2026 2336 καὶ
2053 2286 2080 2336 6
2114 2283 2367 2353 βασιλεὺς
2395 2283 2752 2337 ὑπαντιάσων
2783 2285 2897 2347 τοῖς
2938 2285 3002 2336 ἐκ
3041 2283 3147 2352 τῆς
3173 2283 3352 2349 Ἅγαρ,
3387 2282 3486 2331 καὶ

1931 2376 1960 2426 6
1993 2375 2092 2442 μὲν
2144 2375 2224 2444 τῷ
2271 2374 2368 2427 τοῦ
2407 2374 2806 2445 Ἀμερμουμνῆ
2855 2373 2961 2446 υίῷ
3008 2370 3324 2442 συμϐαλὼν,
3358 2370 3501 2437 μετὰ

1935 2466 2220 2533 στριατιᾶς
2282 2463 2584 2534 ἀξιομάχου
2621 2466 2836 2535 ἥκοντι,
2883 2465 3166 2535 τρέπεται.
3215 2461 3431 2522 Νυκτὸς
3465 2460 3512 2510 δ’

1934 2556 2336 2625 ἐπιγενομένης
2365 2558 2394 2610 6
2427 2557 2685 2624 Μανουὴλ
2721 2559 2824 2619 τὰς
2854 2555 3106 2625 φυλακὰς
3132 2553 3232 2606 τοῦ
3276 2561 3512 2621 στρατο-

1937 2649 2101 2701 πέδου
2136 2648 2388 2717 περιϊὼν,
2420 2649 2654 2718 ἤκουσεν
2693 2649 2852 2702 ἐνίων
2893 2647 3117 2718 Περσῶν
3149 2646 3285 2716 περὶ
3319 2644 3518 2713 προδυ-

1939 2741 2060 2802 σίας
2091 2741 2205 2802 τοῖς
2249 2739 2572 2811 Ἀγαρηνοῖς
2602 2741 2999 2810 διαλεγομένων
3030 2739 3251 2811 (συνῄει
3271 2737 3386 2808 γὰρ
3413 2734 3514 2806 τὴν

1937 2829 2143 2883 τούτων
2166 2829 2468 2899 διάλεκτον)
2497 2831 2594 2884 καὶ
2621 2830 2781 2884 τοῦτο
2806 2831 2881 2900 τῷ
2914 2830 3123 2900 βασιλεῖ
3139 2832 3289 2898 άπηγ
3301 2829 3514 2898 γέλκει,

1939 2923 2032 2974 καὶ
2070 2923 2330 2974 πέπεικεν
2371 2922 2740 2990 ἐξαναστῆναι
2792 2924 2888 2976 τοῦ
2952 2923 3329 2992 στρατοπέδου
3372 2924 3517 2974 κατὰ

1938 3013 2002 3065 τὸ
2048 3012 2396 3082 περίορθρον.
2445 3015 2556 3067 Καὶ
2612 3016 2644 3066 6
2705 3015 2809 3084 μὲν
2852 3014 3019 3085 ἀπῄει
3070 3015 3195 3066 ὅλον
3223 3014 3412 3076 ἐνδοὺς
3437 3012 3524 3080 τῷ

1941 3103 2095 3172 ἵππῳ
2131 3102 2226 3154 τὸν
2261 3102 2478 3171 χαλινόν
2500 3118 2516 3134 ·
2552 3104 2581 3155 6
2618 3102 2674 3156 δὲ
2725 3103 3146 3174 Ἀμερμουμνῆς
3201 3103 3262 3165 ἒξ
3299 3103 3514 3154 ἐκείνου

1942 3193 2265 3262 ἀμερίμνως
2299 3195 2364 3264 τῇ
2397 3193 2491 3246 τοῦ
2542 3195 3255 3269 Ἀμορίουιὲπικεχειρήκει
3291 3195 3512 3259 πολιορ-

1944 3283 2062 3351 κία,
2137 3285 2233 3336 καὶ
2288 3285 2710 3355 ὲνδελεχέστατα
2765 3289 2860 3348 τὰς
2897 3287 3202 3355 προσϐολὰς
3251 3289 3314 3355 τῇ
3347 3286 3499 3337 πόλει

1945 3373 2211 3444 πεποίητο
2229 3391 2244 3405 ·
2272 3375 2404 3443 ήνυε
2445 3374 2489 3427 6‘
2525 3376 2702 3440 οὑδὶν,
2728 3375 2834 3428 τῶν
2859 3376 3010 3427 ἔνδον
3035 3376 3302 3444 εὐρώστως
3326 3375 3492 3426 ἀντα-

1943 3463 2343 3533 γωνιζομένων,
2362 3463 2504 3517 ὥστε
2524 3467 2614 3517 καὶ
2644 3465 2949 3520 ἁπελπίσαι
2973 3467 3077 3537 τὴν
3095 3466 3284 3532 ταύτης
3294 3464 3495 3518 nam

1942 3553 2070 3616 τοὺς
2105 3553 2466 3624 ’Δ-ίαρηνοὺς,
2503 3557 2602 3607 καὶ
2623 3557 3004 3626 ἐπανέστησαν
3035 3556 3132 3617 ἂν,
3162 3557 3258 3607 καί
3287 3556 3324 3622 ὴ
3350 3553 3512 3612 πόλις

1943 3643 2043 3696 οὐκ
2073 3644 2138 3697 ἂν
2164 3644 2530 3716 ὲπεπάροητο,
2559 3649 2608 3698 εἰ
2629 3648 2704 3717 μή
2727 3663 2810 3710 τις
2831 3648 2941 3701 τῶν
2973 3647 3124 3700 ἔνδον
3144 3645 3210 3699 δι’
3240 3645 3358 3714 ἔριν
3392 3645 3517 3696 τινα

1945 3735 2232 3804 ἐκμανεὶς,
2296 3737 2564 3806 προδότης
2615 3739 2816 3809 ταύτης
2843 3739 3100 3808 ἐγένετο,
3149 3732 3194 3806 ᾧ
3233 3736 3518 3805 Βοῖδίτζης

1943 3819 2011 3894 ἦν
2040 3826 2099 3880 τὸ
2131 3823 2441 3894 ἐπώνυμον.
2483 3827 2728 3890 Ἀλάντος
2782 3829 2839 3882 δὲ
2869 3828 2963 3881 τοῦ
3002 3829 3219 3893 ἄστεος,
3254 3828 3379 3891 ὅσος
3419 3828 3520 3897 μὲν

1945 3917 2182 3988 ἀνῃρέθη
2229 3916 2356 3981 λαὸς
2393 3918 2492 3972 οὐκ
2553 3920 2701 3973 ἔστιν
2765 3922 2964 3977 εἰπεῖν.
3017 3922 3286 3983 Γυναῖκες
3335 3921 3394 3974 δὲ
3423 3923 3521 3973 καὶ

1953 4009 2142 4071 παῖδες
2193 4011 2286 4062 καὶ
2333 4012 2687 4081 μειρακίσκοι
2723 4015 2804 4076 εἷς
2860 4013 3062 4076 πολλὰς
3104 4015 3354 4084 χιλιάδας
3393 4029 3520 4065 συν-

1947 4101 2344 4172 αριθμούμενοι
2397 4104 2726 4174 ἀπήχθησαν
2769 4105 3122 4174 δορυάλωτοι,
3166 4108 3264 4159 καὶ
3305 4108 3356 4159 οἱ
3408 4106 3520 4158 τῶν

1949 4194 2065 4246 ἐκεῖ
2096 4195 2553 4264 στρατηγούντων
2585 4195 2781 4267 ἔξοχοι,
2812 4197 3114 4261 Κάλλιστός
3149 4215 3210 4250 τε
3241 4201 3336 4253 καὶ
3365 4199 3522 4250 Κων-

1952 4287 2255 4351 οταντῖνος,
2289 4288 2381 4339 καὶ
2417 4288 2447 4338 ὁ
2469 4290 2752 4359 Κρατερὸς
2779 4290 3078 4361 Θεόδωρος,
3120 4292 3171 4343 oi
3211 4290 3518 4355 πατρίκιοι,

273 4375 598 4438 abstineret,
634 4389 815 4443 neque
847 4373 1023 4428 ullum
1075 4381 1265 4442 potum
1348 4373 1682 4438 admitteret,
1741 4374 1835 4428 nisi

1952 4373 2048 4424 καὶ
2073 4371 2221 4426 ἄλλοι
2256 4373 2441 4426 πολλοὶ
2473 4375 2582 4428 τῶν
2600 4377 2657 4428 ὲν
2683 4377 3045 4446 στρατηγίαις
3081 4378 3520 4446 διαπρεπὸντων,

272 4480 469 4534 aquam
505 4465 926 4536 gelidissimam,
962 4464 1278 4535 cuiusmodi
1305 4473 1392 4518 est
1418 4465 1655 4520 nivalis:
1687 4469 1844 4538 cujus

270 4555 545 4623 frequenti
600 4569 700 4609 usu
762 4555 904 4610 laesis
958 4553 1342 4620 interioribus,
1378 4555 1432 4609 in
1467 4554 1840 4627 dysenteriam

273 4642 492 4699 incidit.
523 4643 713 4712 Itaque
747 4645 800 4698 in
849 4630 1055 4716 regiam
1112 4659 1384 4710 reversus,
1421 4643 1705 4713 desperata
1729 4646 1839 4716 jam

272 4735 474 4800 salute,
525 4743 777 4789 senatum
818 4736 1072 4800 accersit,
1107 4745 1302 4806 petens
1336 4743 1396 4790 ut
1434 4735 1593 4790 uxori
1646 4751 1757 4790 sua:
1785 4745 1842 4790 et

274 4827 390 4882 ﬁlio
417 4825 580 4881 tidem
611 4839 918 4893 servarent,
979 4828 1157 4898 iisque
1205 4827 1496 4898 imperium
1533 4835 1839 4883 tuerentur.

272 4917 428 4982 Quod
460 4933 585 4973 cum
619 4917 697 4970 illi
724 4933 782 4972 se
809 4917 1051 4975 facturos
1083 4921 1490 4990 promisissent,
1524 4921 1843 4990 imperator,

275 5010 369 5076 qui
419 5009 822 5080 Theophobum
852 5012 962 5082 jam
989 5023 1136 5079 ante,
1162 5029 1226 5069 ex
1255 5029 1364 5083 quo
1397 5029 1426 5067 τι
1461 5014 1640 5068 Persis
1674 5013 1847 5084 impe-

276 5109 425 5154 rator
454 5103 724 5156 salutatus
769 5102 968 5166 fuerat,
1017 5112 1332 5172 suspectum
1376 5103 1625 5166 haberet,
1675 5103 1850 5173 magis

276 5209 442 5246 etiam
474 5195 524 5247 ei
554 5194 852 5264 suspicioni
905 5193 1154 5262 indulsit,
1188 5194 1258 5248 ob
1289 5195 1656 5264 proditionem
1685 5211 1848 5264 quam

1941 4465 2034 4516 ml.
2070 4465 2392 4535 περιφανῶν
2425 4467 2486 4532 ἐξ
2516 4466 2849 4537 ἀξιωμάτων
2879 4470 3070 4538 τιμῆς.Δ
3105 4469 3293 4520 Ταῦτα
3321 4468 3516 4535 μαθὼν

1938 4557 1966 4607 6
2014 4556 2271 4625 Θεόφιλος
2305 4558 2386 4626 (ἐν
2419 4559 2525 4628 γὰρ
2567 4558 2642 4628 τῷ
2681 4558 2960 4629 Δορυλαίῳ
3007 4559 3190 4628 διῆγε)
3251 4559 3516 4627 πρέσϐεις

1939 4646 2077 4714 πρὸς
2127 4648 2219 4700 τὸν
2286 4649 2395 4700 τῶν
2463 4649 2825 4718 Ἰσμαηλιτῶν
2875 4652 3202 4720 ὲκπέπομφε
3265 4649 3516 4720 βασιλέα,

1938 4738 2272 4808 ἀποδοθῆναι
2299 4739 2448 4809 αὑτῷ
2469 4741 2596 4804 τοὺς
2624 4741 2910 4810 ἐπιφανεῖς
2927 4742 3034 4796 τῶν
3057 4742 3295 4795 ἁλόντων
3326 4741 3516 4805 αἰτῶν,

1940 4830 2035 4881 καὶ
2063 4829 2191 4891 τοὺς
2226 4829 2378 4900 αὐτῷ
2401 4831 2544 4884 κατὰ
2575 4832 2732 4900 γένος
2765 4834 3166 4902 προσήκοντας,
3181 4835 3520 4903 κεντηνάρια

1942 4922 2078 4991 πρὸς
2106 4923 2362 4994 τέταρσιν
2396 4926 2572 4979 εἴκοσι
2619 4927 2806 4983 δοῦναι
2859 4928 3008 4998 αὐτῷ
3059 4928 3516 4998 ὑπισχνούμενος.

1955 5015 2012 5066 '0
2044 5014 2100 5067 δὲ
2133 5015 2257 5076 τοὺς
2291 5015 2551 5085 πρέσϐεις
2585 5019 2796 5086 ἰταμῶς
2827 5019 3214 5090 ἀπεπέμψατο,
3263 5020 3521 5088 ’Δνόητος

1948 5105 2014 5158 ἂν
2036 5108 2174 5173 είην,
2203 5106 2394 5175 είπὼν,
2439 5109 2490 5160 εἰ
2550 5112 2681 5183 περὶ
2720 5113 2866 5182 χίλιά
2896 5130 2987 5182 μοι
3031 5115 3130 5182 τῆς
3161 5114 3220 5165 ὲν
3251 5115 3317 5182 τῇ
3349 5130 3519 5181 στρα-

1949 5196 2072 5265 τεὶᾳ
2116 5199 2453 5270 κεντηνάρια
2494 5202 2807 5268 γεγονυίας,
2831 5205 2993 5267 αὐτὸς
3044 5203 3287 5258 τοσαῦτα
3331 5204 3518 5257 λαϐὼν

1465 5349 1658 5410 Varia:
1690 5350 1992 5412 lectiones
2029 5360 2089 5414 et
2120 5359 2309 5416 notae.

352 5493 462 5560 (29)
493 5495 778 5569 ᾉμόριον.
831 5498 1038 5553 Amorii
1073 5498 1356 5553 excidium
1397 5499 1627 5569 attigere
1676 5500 1841 5553 etiam

282 5572 473 5643 auctor
501 5565 782 5643 Orationis
803 5569 1081 5643 historica:
1123 5571 1174 5622 in
1201 5571 1399 5643 festum
1441 5565 1847 5643 _l_lcst_i_tution_is

286 5637 610 5702 imaginum,
638 5653 687 5705 p.
721 5637 860 5692 721:
901 5650 956 5692 et
980 5641 1184 5694 Menma
1229 5640 1297 5696 ad
1357 5641 1389 5695 6
1441 5639 1617 5693 Martii
1655 5639 1708 5693 in
1744 5638 1841 5694 SS.

1954 5499 2268 5623 gillfodnro,
2304 5505 2688 5577 Constantino,
2716 5519 2772 5566 et
2803 5509 2925 5565 aliis
2958 5509 3050 5578 qui
3089 5519 3199 5563 tum
3231 5507 3356 5564 caesi
3388 5515 3520 5559 sunt

2056 5591 2115 5623 ill”
2141 5589 2285 5623 mrts.

1951 5586 1980 5624 a
2013 5586 2082 5626 1511
2092 5586 2285 5629 ΓίιέὶιῚΒ.
